%\citet{jon90} --> Jones et al. (1990)
%\citep{jon90} --> (Jones et al., 1990)
%\citet*{jon90} --> Jones, Baker, and Williams (1990)
%\citep*{jon90} --> (Jones, Baker, and Williams, 1990)
@ARTICLE{2020arXiv200715686H,
       author = {{Hall}, C. and {Dong}, R. and {Teague}, R. and {Terry}, J. and
         {Pinte}, C. and {Paneque-Carre{\~n}o}, T. and {Veronesi}, B. and {Alexand
        er}, R.~D. and {Lodato}, G.},
        title = "{Predicting the kinematic evidence of gravitational instability}",
      journal = {arXiv e-prints},
     keywords = {Astrophysics - Solar and Stellar Astrophysics, Astrophysics - Earth and Planetary Astrophysics, Astrophysics - Astrophysics of Galaxies},
         year = 2020,
        month = jul,
          eid = {arXiv:2007.15686},
        pages = {arXiv:2007.15686},
archivePrefix = {arXiv},
       eprint = {2007.15686},
 primaryClass = {astro-ph.SR},
       adsurl = {https://ui.adsabs.harvard.edu/abs/2020arXiv200715686H},
      adsnote = {Provided by the SAO/NASA Astrophysics Data System}
}
@ARTICLE{2006MNRAS.373.1563K,
       author = {{Kratter}, Kaitlin M. and {Matzner}, Christopher D.},
        title = "{Fragmentation of massive protostellar discs}",
      journal = {\mnras},
     keywords = {accretion, accretion discs, instabilities, stars: early-type, stars: formation, Astrophysics},
         year = 2006,
        month = dec,
       volume = {373},
       number = {4},
        pages = {1563-1576},
          doi = {10.1111/j.1365-2966.2006.11103.x},
archivePrefix = {arXiv},
       eprint = {astro-ph/0609692},
 primaryClass = {astro-ph},
       adsurl = {https://ui.adsabs.harvard.edu/abs/2006MNRAS.373.1563K},
      adsnote = {Provided by the SAO/NASA Astrophysics Data System}
}
@ARTICLE{2020arXiv201005939S,
       author = {{Sharma}, Rajeeb and {Tobin}, John J. and {Sheehan}, Patrick D. and
         {Megeath}, S. Thomas and {Fischer}, William J. and {Jorgensen}, Jes K. and
         {Safron}, Emily J. and {Nagy}, ZSofia},
        title = "{Constraining the Chemical Signatures and the Outburst Mechanism of the Class 0 Protostar HOPS 383}",
      journal = {arXiv e-prints},
     keywords = {Astrophysics - Solar and Stellar Astrophysics, Astrophysics - Astrophysics of Galaxies},
         year = 2020,
        month = oct,
          eid = {arXiv:2010.05939},
        pages = {arXiv:2010.05939},
archivePrefix = {arXiv},
       eprint = {2010.05939},
 primaryClass = {astro-ph.SR},
       adsurl = {https://ui.adsabs.harvard.edu/abs/2020arXiv201005939S},
      adsnote = {Provided by the SAO/NASA Astrophysics Data System}
}



@ARTICLE{2017ApJS..230...15M,
       author = {{Moe}, Maxwell and {Di Stefano}, Rosanne},
        title = "{Mind Your Ps and Qs: The Interrelation between Period (P) and Mass-ratio (Q) Distributions of Binary Stars}",
      journal = {\apjs},
     keywords = {binaries: close, binaries: general, stars: evolution, stars: formation, stars: massive, stars: statistics, Astrophysics - Solar and Stellar Astrophysics},
         year = 2017,
        month = jun,
       volume = {230},
       number = {2},
          eid = {15},
        pages = {15},
          doi = {10.3847/1538-4365/aa6fb6},
archivePrefix = {arXiv},
       eprint = {1606.05347},
 primaryClass = {astro-ph.SR},
       adsurl = {https://ui.adsabs.harvard.edu/abs/2017ApJS..230...15M},
      adsnote = {Provided by the SAO/NASA Astrophysics Data System}
}


@ARTICLE{2016ARAA..54..271K,
       author = {{Kratter}, Kaitlin and {Lodato}, Giuseppe},
        title = "{Gravitational Instabilities in Circumstellar Disks}",
      journal = {\araa},
     keywords = {Astrophysics - Solar and Stellar Astrophysics, Astrophysics - Earth and Planetary Astrophysics},
         year = 2016,
        month = sep,
       volume = {54},
        pages = {271-311},
          doi = {10.1146/annurev-astro-081915-023307},
archivePrefix = {arXiv},
       eprint = {1603.01280},
 primaryClass = {astro-ph.SR},
       adsurl = {https://ui.adsabs.harvard.edu/abs/2016ARA&A..54..271K},
      adsnote = {Provided by the SAO/NASA Astrophysics Data System}
}



@ARTICLE{2018MNRAS.480L..12P,
       author = {{P{\'e}rez}, Sebasti{\'a}n and {Casassus}, S. and
         {Ben{\'\i}tez-Llambay}, P.},
        title = "{Observability of planet-disc interactions in CO kinematics}",
      journal = {\mnras},
     keywords = {hydrodynamics, methods: numerical, planets and satellites: detection, planet-disc interactions, protoplanetary discs, Astrophysics - Earth and Planetary Astrophysics},
         year = 2018,
        month = oct,
       volume = {480},
       number = {1},
        pages = {L12-L17},
          doi = {10.1093/mnrasl/sly109},
archivePrefix = {arXiv},
       eprint = {1806.05125},
 primaryClass = {astro-ph.EP},
       adsurl = {https://ui.adsabs.harvard.edu/abs/2018MNRAS.480L..12P},
      adsnote = {Provided by the SAO/NASA Astrophysics Data System}
}
@ARTICLE{2017MNRAS.465....2M,
       author = {{Mercer}, Anthony and {Stamatellos}, Dimitris},
        title = "{The effect of radiative feedback on disc fragmentation}",
      journal = {\mnras},
     keywords = {methods: numerical, planet-disc interactions, protoplanetary discs, brown dwarfs, Astrophysics - Earth and Planetary Astrophysics},
         year = 2017,
        month = feb,
       volume = {465},
       number = {1},
        pages = {2-18},
          doi = {10.1093/mnras/stw2714},
archivePrefix = {arXiv},
       eprint = {1610.08248},
 primaryClass = {astro-ph.EP},
       adsurl = {https://ui.adsabs.harvard.edu/abs/2017MNRAS.465....2M},
      adsnote = {Provided by the SAO/NASA Astrophysics Data System}
}
@INPROCEEDINGS{2011ASPC..451..213S,
       author = {{Stamatellos}, D. and {Hubber}, D. and {Hubber}, A.},
        title = "{Episodic Accretion, Radiative Feedback, and Their Role in Low-mass Star Formation}",
     keywords = {Astrophysics - Galaxy Astrophysics},
    booktitle = {9th Pacific Rim Conference on Stellar Astrophysics},
         year = 2011,
       editor = {{Qain}, S. and {Leung}, K. and {Zhu}, L. and {Kwok}, S.},
       series = {Astronomical Society of the Pacific Conference Series},
       volume = {451},
        month = dec,
        pages = {213},
archivePrefix = {arXiv},
       eprint = {1109.2100},
 primaryClass = {astro-ph.GA},
       adsurl = {https://ui.adsabs.harvard.edu/abs/2011ASPC..451..213S},
      adsnote = {Provided by the SAO/NASA Astrophysics Data System}
}
@ARTICLE{1980ApJ...241..637S,
       author = {{Stahler}, S.~W. and {Shu}, F.~H. and {Taam}, R.~E.},
        title = "{The evolution of protostars. I - Global formulation and results}",
      journal = {\apj},
     keywords = {Protostars, Stellar Evolution, Astronomical Models, Cosmic Dust, Gravitational Collapse, Optical Thickness, Astrophysics},
         year = 1980,
        month = oct,
       volume = {241},
        pages = {637-654},
          doi = {10.1086/158377},
       adsurl = {https://ui.adsabs.harvard.edu/abs/1980ApJ...241..637S},
      adsnote = {Provided by the SAO/NASA Astrophysics Data System}
}

@ARTICLE{1980ApJ...242..226S,
       author = {{Stahler}, S.~W. and {Shu}, F.~H. and {Taam}, R.~E.},
        title = "{The evolution of protostars. II - The hydrostatic core}",
      journal = {\apj},
     keywords = {Astrophysics, Protostars, Stellar Evolution, Stellar Mass Accretion, Cores, Deuterium, Entropy, Main Sequence Stars, Stellar Models, Stellar Structure, Astrophysics},
         year = 1980,
        month = nov,
       volume = {242},
        pages = {226-241},
          doi = {10.1086/158459},
       adsurl = {https://ui.adsabs.harvard.edu/abs/1980ApJ...242..226S},
      adsnote = {Provided by the SAO/NASA Astrophysics Data System}
}


@ARTICLE{2019ApJ...872..176Z,
       author = {{Zapata}, Luis A. and {Garay}, Guido and {Palau}, Aina and
         {Rodr{\'\i}guez}, Luis F. and {Fern{\'a}ndez-L{\'o}pez}, Manuel and
         {Estalella}, Robert and {Guzm{\'a}n}, Andres},
        title = "{An Asymmetric Keplerian Disk Surrounding the O-type Protostar IRAS 16547-4247}",
      journal = {\apj},
     keywords = {stars: formation, Astrophysics - Solar and Stellar Astrophysics, Astrophysics - Astrophysics of Galaxies},
         year = 2019,
        month = feb,
       volume = {872},
       number = {2},
          eid = {176},
        pages = {176},
          doi = {10.3847/1538-4357/aafedf},
archivePrefix = {arXiv},
       eprint = {1901.04896},
 primaryClass = {astro-ph.SR},
       adsurl = {https://ui.adsabs.harvard.edu/abs/2019ApJ...872..176Z},
      adsnote = {Provided by the SAO/NASA Astrophysics Data System}
}


@ARTICLE{2015ApJ...811L...5P,
       author = {{Perez}, Sebastian and {Dunhill}, A. and {Casassus}, S. and {Roman}, P. and
         {Szul{\'a}gyi}, J. and {Flores}, C. and {Marino}, S. and
         {Montesinos}, M.},
        title = "{Planet Formation Signposts: Observability of Circumplanetary Disks via Gas Kinematics}",
      journal = {\apjl},
     keywords = {planets and satellites: formation, planet\u2500disk interactions, protoplanetary disks, Astrophysics - Earth and Planetary Astrophysics},
         year = 2015,
        month = sep,
       volume = {811},
       number = {1},
          eid = {L5},
        pages = {L5},
          doi = {10.1088/2041-8205/811/1/L5},
archivePrefix = {arXiv},
       eprint = {1505.06808},
 primaryClass = {astro-ph.EP},
       adsurl = {https://ui.adsabs.harvard.edu/abs/2015ApJ...811L...5P},
      adsnote = {Provided by the SAO/NASA Astrophysics Data System}
}

@ARTICLE{2018ApJ...860L..13P,
       author = {{Pinte}, C. and {Price}, D.~J. and {M{\'e}nard}, F. and
         {Duch{\^e}ne}, G. and {Dent}, W.~R.~F. and {Hill}, T. and
         {de Gregorio-Monsalvo}, I. and {Hales}, A. and {Mentiplay}, D.},
        title = "{Kinematic Evidence for an Embedded Protoplanet in a Circumstellar Disk}",
      journal = {\apjl},
     keywords = {protoplanetary disks, radiative transfer, stars: formation, stars: individual: HD 163296, submillimeter: planetary systems, techniques: interferometric, Astrophysics - Solar and Stellar Astrophysics, Astrophysics - Earth and Planetary Astrophysics},
         year = 2018,
        month = jun,
       volume = {860},
       number = {1},
          eid = {L13},
        pages = {L13},
          doi = {10.3847/2041-8213/aac6dc},
archivePrefix = {arXiv},
       eprint = {1805.10293},
 primaryClass = {astro-ph.SR},
       adsurl = {https://ui.adsabs.harvard.edu/abs/2018ApJ...860L..13P},
      adsnote = {Provided by the SAO/NASA Astrophysics Data System}
}


@ARTICLE{2019NatAs...3.1109P,
       author = {{Pinte}, C. and {van der Plas}, G. and {M{\'e}nard}, F. and
         {Price}, D.~J. and {Christiaens}, V. and {Hill}, T. and
         {Mentiplay}, D. and {Ginski}, C. and {Choquet}, E. and {Boehler}, Y. and
         {Duch{\^e}ne}, G. and {Perez}, S. and {Casassus}, S.},
        title = "{Kinematic detection of a planet carving a gap in a protoplanetary disk}",
      journal = {Nature Astronomy},
     keywords = {Astrophysics - Solar and Stellar Astrophysics, Astrophysics - Earth and Planetary Astrophysics},
         year = 2019,
        month = aug,
       volume = {3},
        pages = {1109-1114},
          doi = {10.1038/s41550-019-0852-6},
archivePrefix = {arXiv},
       eprint = {1907.02538},
 primaryClass = {astro-ph.SR},
       adsurl = {https://ui.adsabs.harvard.edu/abs/2019NatAs...3.1109P},
      adsnote = {Provided by the SAO/NASA Astrophysics Data System}
}





@ARTICLE{1994ApJS...90..467D,
       author = {{D'Antona}, Francesca and {Mazzitelli}, Italo},
        title = "{New Pre--Main-Sequence Tracks for M \&lt;=2.5 M$_{sun}$ as Tests of Opacities and Convection Model}",
      journal = {\apjs},
     keywords = {Combustion, Computational Astrophysics, Deuterium, Hertzsprung-Russell Diagram, Lithium, Opacity, Pre-Main Sequence Stars, Stellar Convection, Stellar Evolution, Stellar Models, Abundance, Atomic Interactions, Computation, Equations Of State, Equilibrium Methods, Hydrostatics, Numerical Analysis, Astrophysics, STARS: PRE--MAIN-SEQUENCE, CONVECTION, ATOMIC PROCESSES, STARS: ABUNDANCES, STARS: INTERIORS},
         year = "1994",
        month = "Jan",
       volume = {90},
        pages = {467},
          doi = {10.1086/191867},
       adsurl = {https://ui.adsabs.harvard.edu/abs/1994ApJS...90..467D},
      adsnote = {Provided by the SAO/NASA Astrophysics Data System}
}
@ARTICLE{1962AJ.....67R.590W,
       author = {{Worley}, Charles E.},
        title = "{Stellar Duplicity.}",
      journal = {\aj},
         year = 1962,
        month = jun,
       volume = {67},
        pages = {590},
          doi = {10.1086/108886},
       adsurl = {https://ui.adsabs.harvard.edu/abs/1962AJ.....67R.590W},
      adsnote = {Provided by the SAO/NASA Astrophysics Data System}
}
@ARTICLE{2020ApJ...892..136S,
       author = {{Sierra}, Anibal and {Lizano}, Susana},
        title = "{Effects of Scattering, Temperature Gradients, and Settling on the Derived Dust Properties of Observed Protoplanetary Disks}",
      journal = {\apj},
     keywords = {Astrophysics - Earth and Planetary Astrophysics, Astrophysics - Solar and Stellar Astrophysics},
         year = 2020,
        month = apr,
       volume = {892},
       number = {2},
          eid = {136},
        pages = {136},
          doi = {10.3847/1538-4357/ab7d32},
archivePrefix = {arXiv},
       eprint = {2003.02982},
 primaryClass = {astro-ph.EP},
       adsurl = {https://ui.adsabs.harvard.edu/abs/2020ApJ...892..136S},
      adsnote = {Provided by the SAO/NASA Astrophysics Data System}
}

@ARTICLE{2019ApJ...877L..18Z,
       author = {{Zhu}, Zhaohuan and {Zhang}, Shangjia and {Jiang}, Yan-Fei and
         {Kataoka}, Akimasa and {Birnstiel}, Tilman and
         {Dullemond}, Cornelis P. and {Andrews}, Sean M. and {Huang}, Jane and
         {P{\'e}rez}, Laura M. and {Carpenter}, John M. and {Bai}, Xue-Ning and
         {Wilner}, David J. and {Ricci}, Luca},
        title = "{One Solution to the Mass Budget Problem for Planet Formation: Optically Thick Disks with Dust Scattering}",
      journal = {\apjl},
     keywords = {opacity, planets and satellites: formation, protoplanetary disks, radiative transfer, scattering, submillimeter: planetary systems, Astrophysics - Earth and Planetary Astrophysics, Astrophysics - Solar and Stellar Astrophysics},
         year = 2019,
        month = jun,
       volume = {877},
       number = {2},
          eid = {L18},
        pages = {L18},
          doi = {10.3847/2041-8213/ab1f8c},
archivePrefix = {arXiv},
       eprint = {1904.02127},
 primaryClass = {astro-ph.EP},
       adsurl = {https://ui.adsabs.harvard.edu/abs/2019ApJ...877L..18Z},
      adsnote = {Provided by the SAO/NASA Astrophysics Data System}
}



@ARTICLE{2004ApJ...617..559P,
       author = {{Padoan}, Paolo and {Nordlund}, {\r{A}}ke},
        title = "{The ``Mysterious'' Origin of Brown Dwarfs}",
      journal = {\apj},
     keywords = {ISM: Kinematics and Dynamics, Stars: Formation, Turbulence, Astrophysics},
         year = 2004,
        month = dec,
       volume = {617},
       number = {1},
        pages = {559-564},
          doi = {10.1086/345413},
archivePrefix = {arXiv},
       eprint = {astro-ph/0205019},
 primaryClass = {astro-ph},
       adsurl = {https://ui.adsabs.harvard.edu/abs/2004ApJ...617..559P},
      adsnote = {Provided by the SAO/NASA Astrophysics Data System}
}
@ARTICLE{2004ApJ...600..769F,
       author = {{Fisher}, Robert T.},
        title = "{A Turbulent Interstellar Medium Origin of the Binary Period Distribution}",
      journal = {\apj},
     keywords = {Stars: Binaries: General, Gravitation, Hydrodynamics, Stars: Formation, Astrophysics},
         year = 2004,
        month = jan,
       volume = {600},
       number = {2},
        pages = {769-780},
          doi = {10.1086/380111},
archivePrefix = {arXiv},
       eprint = {astro-ph/0303280},
 primaryClass = {astro-ph},
       adsurl = {https://ui.adsabs.harvard.edu/abs/2004ApJ...600..769F},
      adsnote = {Provided by the SAO/NASA Astrophysics Data System}
}
@ARTICLE{2013ApJ...770..123G,
       author = {{Green}, Joel D. and {Evans}, Neal J., II and {J{\o}rgensen}, Jes K. and
         {Herczeg}, Gregory J. and {Kristensen}, Lars E. and {Lee}, Jeong-Eun and
         {Dionatos}, Odysseas and {Yildiz}, Umut A. and {Salyk}, Colette and
         {Meeus}, Gwendolyn and {Bouwman}, Jeroen and {Visser}, Ruud and
         {Bergin}, Edwin A. and {van Dishoeck}, Ewine F. and
         {Rascati}, Michelle R. and {Karska}, Agata and {van Kempen}, Tim A. and
         {Dunham}, Michael M. and {Lindberg}, Johan E. and {Fedele}, Davide and
         {DIGIT Team}},
        title = "{Embedded Protostars in the Dust, Ice, and Gas In Time (DIGIT) Herschel Key Program: Continuum SEDs, and an Inventory of Characteristic Far-infrared Lines from PACS Spectroscopy}",
      journal = {\apj},
     keywords = {circumstellar matter, stars: formation, stars: pre-main sequence, stars: winds, outflows, submillimeter: stars, Astrophysics - Astrophysics of Galaxies},
         year = "2013",
        month = "Jun",
       volume = {770},
       number = {2},
          eid = {123},
        pages = {123},
          doi = {10.1088/0004-637X/770/2/123},
archivePrefix = {arXiv},
       eprint = {1304.7389},
 primaryClass = {astro-ph.GA},
       adsurl = {https://ui.adsabs.harvard.edu/abs/2013ApJ...770..123G},
      adsnote = {Provided by the SAO/NASA Astrophysics Data System}
}
@ARTICLE{2012Natur.492..221R,
       author = {{Reipurth}, Bo and {Mikkola}, Seppo},
        title = "{Formation of the widest binary stars from dynamical unfolding of triple systems}",
      journal = {\nat},
     keywords = {Astrophysics - Astrophysics of Galaxies, Astrophysics - Solar and Stellar Astrophysics},
         year = 2012,
        month = dec,
       volume = {492},
       number = {7428},
        pages = {221-224},
          doi = {10.1038/nature11662},
archivePrefix = {arXiv},
       eprint = {1212.1246},
 primaryClass = {astro-ph.GA},
       adsurl = {https://ui.adsabs.harvard.edu/abs/2012Natur.492..221R},
      adsnote = {Provided by the SAO/NASA Astrophysics Data System}
}

@ARTICLE{2014ApJ...793....1Y,
       author = {{Yen}, Hsi-Wei and {Takakuwa}, Shigehisa and {Ohashi}, Nagayoshi and
         {Aikawa}, Yuri and {Aso}, Yusuke and {Koyamatsu}, Shin and
         {Machida}, Masahiro N. and {Saigo}, Kazuya and {Saito}, Masao and
         {Tomida}, Kengo and {Tomisaka}, Kohji},
        title = "{ALMA Observations of Infalling Flows toward the Keplerian Disk around the Class I Protostar L1489 IRS}",
      journal = {\apj},
     keywords = {circumstellar matter, ISM: individual objects: L1489 IRS, ISM: kinematics and dynamics, ISM: molecules, stars: formation, stars: low-mass, Astrophysics - Solar and Stellar Astrophysics},
         year = "2014",
        month = "Sep",
       volume = {793},
       number = {1},
          eid = {1},
        pages = {1},
          doi = {10.1088/0004-637X/793/1/1},
archivePrefix = {arXiv},
       eprint = {1407.2699},
 primaryClass = {astro-ph.SR},
       adsurl = {https://ui.adsabs.harvard.edu/abs/2014ApJ...793....1Y},
      adsnote = {Provided by the SAO/NASA Astrophysics Data System}
}
@ARTICLE{2014ARep...58..522V,
       author = {{Vorobyov}, E.~I. and {Pavlyuchenkov}, Ya. N. and {Trinkl}, P.},
        title = "{Influence of luminosity bursts on properties of protostellar disks}",
      journal = {Astronomy Reports},
         year = 2014,
        month = aug,
       volume = {58},
       number = {8},
        pages = {522-536},
          doi = {10.1134/S1063772914080083},
       adsurl = {https://ui.adsabs.harvard.edu/abs/2014ARep...58..522V},
      adsnote = {Provided by the SAO/NASA Astrophysics Data System}
}

@ARTICLE{2014MNRAS.444..887D,
       author = {{Dunham}, Michael M. and {Vorobyov}, Eduard I. and {Arce}, H{\'e}ctor G.},
        title = "{On the reliability of protostellar disc mass measurements and the existence of fragmenting discs}",
      journal = {\mnras},
     keywords = {protoplanetary discs, stars: formation, Astrophysics - Astrophysics of Galaxies, Astrophysics - Solar and Stellar Astrophysics},
         year = 2014,
        month = oct,
       volume = {444},
       number = {1},
        pages = {887-901},
          doi = {10.1093/mnras/stu1511},
archivePrefix = {arXiv},
       eprint = {1407.6955},
 primaryClass = {astro-ph.GA},
       adsurl = {https://ui.adsabs.harvard.edu/abs/2014MNRAS.444..887D},
      adsnote = {Provided by the SAO/NASA Astrophysics Data System}
}



@ARTICLE{2017ApJ...834..178Y,
       author = {{Yen}, Hsi-Wei and {Koch}, Patrick M. and {Takakuwa}, Shigehisa and
         {Krasnopolsky}, Ruben and {Ohashi}, Nagayoshi and {Aso}, Yusuke},
        title = "{Signs of Early-stage Disk Growth Revealed with ALMA}",
      journal = {\apj},
     keywords = {circumstellar matter, ISM: individual objects: Lupus 3 MMS, IRAS 15398-3559, IRAS 16253-2429, ISM: kinematics and dynamics, stars: formation, Astrophysics - Solar and Stellar Astrophysics, Astrophysics - Astrophysics of Galaxies},
         year = "2017",
        month = "Jan",
       volume = {834},
       number = {2},
          eid = {178},
        pages = {178},
          doi = {10.3847/1538-4357/834/2/178},
archivePrefix = {arXiv},
       eprint = {1611.08416},
 primaryClass = {astro-ph.SR},
       adsurl = {https://ui.adsabs.harvard.edu/abs/2017ApJ...834..178Y},
      adsnote = {Provided by the SAO/NASA Astrophysics Data System}
}
@ARTICLE{1996ARAA..34..207H,
       author = {{Hartmann}, Lee and {Kenyon}, Scott J.},
        title = "{The FU Orionis Phenomenon}",
      journal = {\araa},
         year = 1996,
        month = jan,
       volume = {34},
        pages = {207-240},
          doi = {10.1146/annurev.astro.34.1.207},
       adsurl = {https://ui.adsabs.harvard.edu/abs/1996ARA&A..34..207H},
      adsnote = {Provided by the SAO/NASA Astrophysics Data System}
}
@ARTICLE{2015ApJ...800L...5S,
       author = {{Safron}, Emily J. and {Fischer}, William J. and {Megeath}, S. Thomas and
         {Furlan}, Elise and {Stutz}, Amelia M. and {Stanke}, Thomas and
         {Billot}, Nicolas and {Rebull}, Luisa M. and {Tobin}, John J. and
         {Ali}, Babar and {Allen}, Lori E. and {Booker}, Joseph and
         {Watson}, Dan M. and {Wilson}, T.~L.},
        title = "{Hops 383: an Outbursting Class 0 Protostar in Orion}",
      journal = {\apjl},
     keywords = {circumstellar matter, infrared: stars, stars: formation, stars: protostars, Astrophysics - Solar and Stellar Astrophysics},
         year = 2015,
        month = feb,
       volume = {800},
       number = {1},
          eid = {L5},
        pages = {L5},
          doi = {10.1088/2041-8205/800/1/L5},
archivePrefix = {arXiv},
       eprint = {1501.00492},
 primaryClass = {astro-ph.SR},
       adsurl = {https://ui.adsabs.harvard.edu/abs/2015ApJ...800L...5S},
      adsnote = {Provided by the SAO/NASA Astrophysics Data System}
}
@INPROCEEDINGS{2013prpl.conf1H023F,
       author = {{Fischer}, Will and {Megeath}, Tom and {Furlan}, Elise and {Ali}, Babar and
         {Stutz}, Amy and {Booker}, Joseph and {Tobin}, John and
         {Stanke}, Thomas and {Osorio}, Mayra},
        title = "{Tracing Protostellar Envelope Evolution with HOPS, the Herschel Orion Protostar Survey}",
    booktitle = {Protostars and Planets VI Posters},
         year = 2013,
        month = jul,
       adsurl = {https://ui.adsabs.harvard.edu/abs/2013prpl.conf1H023F},
      adsnote = {Provided by the SAO/NASA Astrophysics Data System}
}



@INPROCEEDINGS{2014prpl.conf..387A,
       author = {{Audard}, M. and {{\'A}brah{\'a}m}, P. and {Dunham}, M.~M. and
         {Green}, J.~D. and {Grosso}, N. and {Hamaguchi}, K. and
         {Kastner}, J.~H. and {K{\'o}sp{\'a}l}, {\'A}. and {Lodato}, G. and
         {Romanova}, M.~M. and {Skinner}, S.~L. and {Vorobyov}, E.~I. and
         {Zhu}, Z.},
        title = "{Episodic Accretion in Young Stars}",
     keywords = {Astrophysics - Solar and Stellar Astrophysics, Astrophysics - Astrophysics of Galaxies},
    booktitle = {Protostars and Planets VI},
         year = 2014,
       editor = {{Beuther}, Henrik and {Klessen}, Ralf S. and {Dullemond}, Cornelis P. and
         {Henning}, Thomas},
        month = jan,
        pages = {387},
          doi = {10.2458/azu_uapress_9780816531240-ch017},
archivePrefix = {arXiv},
       eprint = {1401.3368},
 primaryClass = {astro-ph.SR},
       adsurl = {https://ui.adsabs.harvard.edu/abs/2014prpl.conf..387A},
      adsnote = {Provided by the SAO/NASA Astrophysics Data System}
}




@ARTICLE{1997ApJ...475..770H,
       author = {{Hartmann}, Lee and {Cassen}, Patrick and {Kenyon}, Scott J.},
        title = "{Disk Accretion and the Stellar Birthline}",
      journal = {\apj},
     keywords = {Accretion, Accretion Disks, Stars: Evolution, stars: formation -- stars: pre-main-sequence},
         year = "1997",
        month = "Feb",
       volume = {475},
       number = {2},
        pages = {770-785},
          doi = {10.1086/303547},
       adsurl = {https://ui.adsabs.harvard.edu/abs/1997ApJ...475..770H},
      adsnote = {Provided by the SAO/NASA Astrophysics Data System}
}
@ARTICLE{2019ApJ...884....6M,
       author = {{McBride}, Aidan and {Kounkel}, Marina},
        title = "{Runaway Young Stars near the Orion Nebula}",
      journal = {\apj},
     keywords = {Young massive clusters, Pre-main sequence stars, Stellar dynamics, Three-body problem, Proper motions, Astrophysics - Solar and Stellar Astrophysics, Astrophysics - Astrophysics of Galaxies},
         year = "2019",
        month = "Oct",
       volume = {884},
       number = {1},
          eid = {6},
        pages = {6},
          doi = {10.3847/1538-4357/ab3df9},
archivePrefix = {arXiv},
       eprint = {1908.07550},
 primaryClass = {astro-ph.SR},
       adsurl = {https://ui.adsabs.harvard.edu/abs/2019ApJ...884....6M},
      adsnote = {Provided by the SAO/NASA Astrophysics Data System}
}
@INPROCEEDINGS{2007prpl.conf..607D,
       author = {{Durisen}, R.~H. and {Boss}, A.~P. and {Mayer}, L. and {Nelson}, A.~F. and
         {Quinn}, T. and {Rice}, W.~K.~M.},
        title = "{Gravitational Instabilities in Gaseous Protoplanetary Disks and Implications for Giant Planet Formation}",
     keywords = {Astrophysics},
    booktitle = {Protostars and Planets V},
         year = "2007",
       editor = {{Reipurth}, Bo and {Jewitt}, David and {Keil}, Klaus},
        month = "Jan",
        pages = {607},
archivePrefix = {arXiv},
       eprint = {astro-ph/0603179},
 primaryClass = {astro-ph},
       adsurl = {https://ui.adsabs.harvard.edu/abs/2007prpl.conf..607D},
      adsnote = {Provided by the SAO/NASA Astrophysics Data System}
}

@Article{Hunter2007,
  Author    = {Hunter, J. D.},
  Title     = {Matplotlib: A 2D graphics environment},
  Journal   = {Computing in Science \& Engineering},
  Volume    = {9},
  Number    = {3},
  Pages     = {90--95},
  abstract  = {Matplotlib is a 2D graphics package used for Python for
  application development, interactive scripting, and publication-quality
  image generation across user interfaces and operating systems.},
  publisher = {IEEE COMPUTER SOC},
  doi       = {10.1109/MCSE.2007.55},
  year      = 2007
}

@book{numpy,
author = {Oliphant, Travis},
year = {2006},
month = {01},
pages = {},
title = {Guide to NumPy}
}
@Manual{python,
    title = {Python Tutorial},
    author = {{Guido van Rossum}},
    organization = {Centrum voor Wiskunde en Informatica},
    journal = {CS},
    volume = {R9526},
    address = {Amsterdam, Netherlands},
    year = {1995},
    url = {https://www.python.org/},
  }
@ARTICLE{2019arXiv190710121V,
       author = {{Virtanen}, Pauli and {Gommers}, Ralf and {Oliphant},
         Travis E. and {Haberland}, Matt and {Reddy}, Tyler and
         {Cournapeau}, David and {Burovski}, Evgeni and {Peterson}, Pearu
         and {Weckesser}, Warren and {Bright}, Jonathan and {van der Walt},
         St{\'e}fan J.  and {Brett}, Matthew and {Wilson}, Joshua and
         {Jarrod Millman}, K.  and {Mayorov}, Nikolay and {Nelson}, Andrew
         R.~J. and {Jones}, Eric and {Kern}, Robert and {Larson}, Eric and
         {Carey}, CJ and {Polat}, {\.I}lhan and {Feng}, Yu and {Moore},
         Eric W. and {Vand erPlas}, Jake and {Laxalde}, Denis and
         {Perktold}, Josef and {Cimrman}, Robert and {Henriksen}, Ian and
         {Quintero}, E.~A. and {Harris}, Charles R and {Archibald}, Anne M.
         and {Ribeiro}, Ant{\^o}nio H. and {Pedregosa}, Fabian and
         {van Mulbregt}, Paul and {Contributors}, SciPy 1. 0},
        title = "{SciPy 1.0--Fundamental Algorithms for Scientific
                  Computing in Python}",
      journal = {arXiv e-prints},
         year = "2019",
        month = "Jul",
          eid = {arXiv:1907.10121},
        pages = {arXiv:1907.10121},
archivePrefix = {arXiv},
       eprint = {1907.10121},
 primaryClass = {cs.MS},
       adsurl = {https://ui.adsabs.harvard.edu/abs/2019arXiv190710121V},
      adsnote = {Provided by the SAO/NASA Astrophysics Data System}
}
@ARTICLE{2013ApJ...771..129A,
   author = {{Andrews}, S.~M. and {Rosenfeld}, K.~A. and {Kraus}, A.~L. and 
  {Wilner}, D.~J.},
    title = "{The Mass Dependence between Protoplanetary Disks and their Stellar Hosts}",
  journal = {\apj},
archivePrefix = "arXiv",
   eprint = {1305.5262},
 primaryClass = "astro-ph.SR",
 keywords = {protoplanetary disks, submillimeter: planetary systems },
     year = 2013,
    month = jul,
   volume = 771,
      eid = {129},
    pages = {129},
      doi = {10.1088/0004-637X/771/2/129},
   adsurl = {https://ui.adsabs.harvard.edu/abs/2013ApJ...771..129A},
  adsnote = {Provided by the SAO/NASA Astrophysics Data System}
}
@ARTICLE{2013ApJ...771...48T,
   author = {{Tobin}, J.~J. and {Hartmann}, L. and {Chiang}, H.-F. and {Wilner}, D.~J. and 
  {Looney}, L.~W. and {Loinard}, L. and {Calvet}, N. and {D'Alessio}, P.
  },
    title = "{Modeling the Resolved Disk around the Class 0 Protostar L1527}",
  journal = {\apj},
archivePrefix = "arXiv",
   eprint = {1305.3604},
 keywords = {ISM: individual objects: L1527, protoplanetary disks, stars: formation},
     year = 2013,
    month = jul,
   volume = 771,
      eid = {48},
    pages = {48},
      doi = {10.1088/0004-637X/771/1/48},
   adsurl = {https://ui.adsabs.harvard.edu/abs/2013ApJ...771...48T},
  adsnote = {Provided by the SAO/NASA Astrophysics Data System}
}
@BOOK{1996LNP...465..115A,
   author = {{Artymowicz}, P. and {Lubow}, S.~H.},
    title = "{Interaction of Young Binaries with Protostellar Disks}",
booktitle = {Disks and Outflows Around Young Stars},
     misc = "https://link.springer.com/content/pdf/10.1007%2FBFb0102630.pdf",
     year = 1996,
   series = {Lecture Notes in Physics, Berlin Springer Verlag},
   volume = 465,
   editor = {{Beckwith}, S. and {Staude}, J. and {Quetz}, A. and {Natta}, A.
  },
    pages = {115},
      doi = {10.1007/BFb0102630},
   adsurl = {https://ui.adsabs.harvard.edu/abs/1996LNP...465..115A},
  adsnote = {Provided by the SAO/NASA Astrophysics Data System}
}
@ARTICLE{2003ApJ...591.1049W,
   author = {{Whitney}, B.~A. and {Wood}, K. and {Bjorkman}, J.~E. and {Wolff}, M.~J.
  },
    title = "{Two-dimensional Radiative Transfer in Protostellar Envelopes. I. Effects of Geometry on Class I Sources}",
  journal = {\apj},
   eprint = {astro-ph/0303479},
 keywords = {Stars: Circumstellar Matter, ISM: Dust, Extinction, Polarization, Radiative Transfer, Stars: Formation, Stars: Pre-Main-Sequence},
     year = 2003,
    month = jul,
   volume = 591,
    pages = {1049-1063},
      doi = {10.1086/375415},
   adsurl = {https://ui.adsabs.harvard.edu/abs/2003ApJ...591.1049W},
  adsnote = {Provided by the SAO/NASA Astrophysics Data System}
}

@ARTICLE{2019ApJ...879..125Z,
   author = {{Zucker}, C. and {Speagle}, J.~S. and {Schlafly}, E.~F. and 
  {Green}, G.~M. and {Finkbeiner}, D.~P. and {Goodman}, A.~A. and 
  {Alves}, J.},
    title = "{A Large Catalog of Accurate Distances to Local Molecular Clouds: The Gaia DR2 Edition}",
  journal = {\apj},
archivePrefix = "arXiv",
   eprint = {1902.01425},
 keywords = {dust, extinction, ISM: clouds, methods: statistical, stars: distances},
     year = 2019,
    month = jul,
   volume = 879,
      eid = {125},
    pages = {125},
      doi = {10.3847/1538-4357/ab2388},
   adsurl = {https://ui.adsabs.harvard.edu/abs/2019ApJ...879..125Z},
  adsnote = {Provided by the SAO/NASA Astrophysics Data System}
}


@ARTICLE{1997AA...322..296C,
   author = {{Caselli}, P. and {Hartquist}, T.~W. and {Havnes}, O.},
    title = "{Grain-grain collisions and sputtering in oblique C-type shocks.}",
  journal = {\aap},
 keywords = {INTERSTELLAR MEDIUM: CLOUDS, INTERSTELLAR MEDIUM: DUST, EXTINCTION, PHYSICAL PROCESSES: SHOCK WAVES, INTERSTELLAR MEDIUM: JETS AND OUTFLOWS},
     year = 1997,
    month = jun,
   volume = 322,
    pages = {296-301},
   adsurl = {https://ui.adsabs.harvard.edu/abs/1997A%26A...322..296C},
  adsnote = {Provided by the SAO/NASA Astrophysics Data System}
}




@ARTICLE{1990ApJ...358..515L,
   author = {{Lin}, D.~N.~C. and {Pringle}, J.~E.},
    title = "{The formation and initial evolution of protostellar disks}",
  journal = {\apj},
 keywords = {Accretion Disks, Pre-Main Sequence Stars, Protostars, Star Formation, Stellar Evolution, Gravitational Collapse, Interstellar Matter, Rotating Matter},
     year = 1990,
    month = aug,
   volume = 358,
    pages = {515-524},
      doi = {10.1086/169004},
   adsurl = {http://adsabs.harvard.edu/abs/1990ApJ...358..515L},
  adsnote = {Provided by the SAO/NASA Astrophysics Data System}
}
@ARTICLE{2016AA...592A..56M,
   author = {{Murillo}, N.~M. and {van Dishoeck}, E.~F. and {Tobin}, J.~J. and 
  {Fedele}, D.},
    title = "{Do siblings always form and evolve simultaneously? Testing the coevality of multiple protostellar systems through SEDs}",
  journal = {\aap},
archivePrefix = "arXiv",
   eprint = {1604.06123},
 primaryClass = "astro-ph.SR",
 keywords = {stars: formation, stars: protostars, stars: low-mass, methods: statistical, catalogs, techniques: photometric},
     year = 2016,
    month = jul,
   volume = 592,
      eid = {A56},
    pages = {A56},
      doi = {10.1051/0004-6361/201628247},
   adsurl = {http://adsabs.harvard.edu/abs/2016A%26A...592A..56M},
  adsnote = {Provided by the SAO/NASA Astrophysics Data System}
}
@ARTICLE{2003ApJ...591.1220L,
   author = {{Lodders}, K.},
    title = "{Solar System Abundances and Condensation Temperatures of the Elements}",
  journal = {\apj},
 keywords = {Astrochemistry, Meteors, Meteoroids, Solar System: Formation- Sun: Abundances, Sun: Photosphere},
     year = 2003,
    month = jul,
   volume = 591,
    pages = {1220-1247},
      doi = {10.1086/375492},
   adsurl = {https://ui.adsabs.harvard.edu/abs/2003ApJ...591.1220L},
  adsnote = {Provided by the SAO/NASA Astrophysics Data System}
}
@ARTICLE{1999ApJ...525..330Y,
       author = {{Yorke}, Harold W. and {Bodenheimer}, Peter},
        title = "{The Formation of Protostellar Disks. III. The Influence of Gravitationally Induced Angular Momentum Transport on Disk Structure and Appearance}",
      journal = {\apj},
     keywords = {HYDRODYNAMICS, ISM: CLOUDS, RADIATIVE TRANSFER, STARS: FORMATION, Hydrodynamics, ISM: Clouds, Radiative Transfer, Stars: Formation},
         year = 1999,
        month = nov,
       volume = {525},
       number = {1},
        pages = {330-342},
          doi = {10.1086/307867},
       adsurl = {https://ui.adsabs.harvard.edu/abs/1999ApJ...525..330Y},
      adsnote = {Provided by the SAO/NASA Astrophysics Data System}
}

@ARTICLE{1989ApJ...347..959A,
       author = {{Adams}, Fred C. and {Ruden}, Steven P. and {Shu}, Frank H.},
        title = "{Eccentric Gravitational Instabilities in Nearly Keplerian Disks}",
      journal = {\apj},
     keywords = {Eccentricity, Kepler Laws, Pre-Main Sequence Stars, Star Formation, Stellar Envelopes, Stellar Gravitation, Gravitational Effects, Protostars, Stellar Luminosity, Stellar Rotation, Astrophysics, HYDRODYNAMICS, STARS: CIRCUMSTELLAR SHELLS, STARS: FORMATION, STARS: PRE--MAIN-SEQUENCE},
         year = 1989,
        month = dec,
       volume = {347},
        pages = {959},
          doi = {10.1086/168187},
       adsurl = {https://ui.adsabs.harvard.edu/abs/1989ApJ...347..959A},
      adsnote = {Provided by the SAO/NASA Astrophysics Data System}
}

@ARTICLE{2007ApJ...656..293J,
       author = {{J{\o}rgensen}, Jes K. and {Johnstone}, Doug and {Kirk}, Helen and
         {Myers}, Philip C.},
        title = "{Current Star Formation in the Perseus Molecular Cloud: Constraints from Unbiased Submillimeter and Mid-Infrared Surveys}",
      journal = {\apj},
     keywords = {ISM: Clouds, ISM: Evolution, Stars: Formation, Stars: Pre-Main-Sequence, Astrophysics},
         year = 2007,
        month = feb,
       volume = {656},
       number = {1},
        pages = {293-305},
          doi = {10.1086/510150},
archivePrefix = {arXiv},
       eprint = {astro-ph/0610381},
 primaryClass = {astro-ph},
       adsurl = {https://ui.adsabs.harvard.edu/abs/2007ApJ...656..293J},
      adsnote = {Provided by the SAO/NASA Astrophysics Data System}
}




@ARTICLE{1928TAIEE..47..617N,
   author = {{Nyquist}, H.},
    title = "{Certain Topics in Telegraph Transmission Theory}",
  journal = {Transactions of the American Institute of Electrical Engineers, Volume 47, Issue 2, pp.~617-624},
     year = 1928,
    month = apr,
   volume = 47,
    pages = {617-624},
      doi = {10.1109/T-AIEE.1928.5055024},
   adsurl = {https://ui.adsabs.harvard.edu/abs/1928TAIEE..47..617N},
  adsnote = {Provided by the SAO/NASA Astrophysics Data System}
}


@ARTICLE{2010ApJ...716..167M,
       author = {{McKee}, Christopher F. and {Offner}, Stella S.~R.},
        title = "{The Protostellar Mass Function}",
      journal = {\apj},
     keywords = {stars: formation, stars: luminosity function, mass function, Astrophysics - Solar and Stellar Astrophysics},
         year = "2010",
        month = "Jun",
       volume = {716},
        pages = {167-180},
          doi = {10.1088/0004-637X/716/1/167},
archivePrefix = {arXiv},
       eprint = {1004.3788},
 primaryClass = {astro-ph.SR},
       adsurl = {https://ui.adsabs.harvard.edu/\#abs/2010ApJ...716..167M},
      adsnote = {Provided by the SAO/NASA Astrophysics Data System}
}
@ARTICLE{2019ApJ...874..136S,
   author = {{Sheehan}, P.~D. and {Wu}, Y.-L. and {Eisner}, J.~A. and {Tobin}, J.~J.
  },
    title = "{High-precision Dynamical Masses of Pre-main-sequence Stars with ALMA and Gaia}",
  journal = {\apj},
archivePrefix = "arXiv",
   eprint = {1903.00032},
 primaryClass = "astro-ph.SR",
 keywords = {parallaxes, protoplanetary disks, radio lines: stars, stars: fundamental parameters, stars: pre-main sequence},
     year = 2019,
    month = apr,
   volume = 874,
      eid = {136},
    pages = {136},
      doi = {10.3847/1538-4357/ab09f9},
   adsurl = {http://adsabs.harvard.edu/abs/2019ApJ...874..136S},
  adsnote = {Provided by the SAO/NASA Astrophysics Data System}
}


@ARTICLE{1974MNRAS.168..603L,
   author = {{Lynden-Bell}, D. and {Pringle}, J.~E.},
    title = "{The evolution of viscous discs and the origin of the nebular variables.}",
  journal = {\mnras},
     year = 1974,
    month = sep,
   volume = 168,
    pages = {603-637},
      doi = {10.1093/mnras/168.3.603},
   adsurl = {http://adsabs.harvard.edu/abs/1974MNRAS.168..603L},
  adsnote = {Provided by the SAO/NASA Astrophysics Data System}
}
@ARTICLE{2014ApJ...791...19S,
   author = {{Sheehan}, P.~D. and {Eisner}, J.~A.},
    title = "{Constraining the Disk Masses of the Class I Binary Protostar GV Tau}",
  journal = {\apj},
archivePrefix = "arXiv",
   eprint = {1405.7959},
 primaryClass = "astro-ph.SR",
 keywords = {binaries: general, protoplanetary disks, stars: formation, stars: individual: GV Tau, techniques: high angular resolution},
     year = 2014,
    month = aug,
   volume = 791,
      eid = {19},
    pages = {19},
      doi = {10.1088/0004-637X/791/1/19},
   adsurl = {http://adsabs.harvard.edu/abs/2014ApJ...791...19S},
  adsnote = {Provided by the SAO/NASA Astrophysics Data System}
}
@ARTICLE{1999ApJ...517..209G,
   author = {{Goldsmith}, P.~F. and {Langer}, W.~D.},
    title = "{Population Diagram Analysis of Molecular Line Emission}",
  journal = {\apj},
 keywords = {ISM: CLOUDS, ISM: MOLECULES, RADIATIVE TRANSFER, ISM: Clouds, ISM: Molecules, Radiative Transfer},
     year = 1999,
    month = may,
   volume = 517,
    pages = {209-225},
      doi = {10.1086/307195},
   adsurl = {http://adsabs.harvard.edu/abs/1999ApJ...517..209G},
  adsnote = {Provided by the SAO/NASA Astrophysics Data System}
}
@ARTICLE{2013Sci...340.1199V,
   author = {{van der Marel}, N. and {van Dishoeck}, E.~F. and {Bruderer}, S. and 
  {Birnstiel}, T. and {Pinilla}, P. and {Dullemond}, C.~P. and 
  {van Kempen}, T.~A. and {Schmalzl}, M. and {Brown}, J.~M. and 
  {Herczeg}, G.~J. and {Mathews}, G.~S. and {Geers}, V.},
    title = "{A Major Asymmetric Dust Trap in a Transition Disk}",
  journal = {Science},
archivePrefix = "arXiv",
   eprint = {1306.1768},
 primaryClass = "astro-ph.EP",
     year = 2013,
    month = jun,
   volume = 340,
    pages = {1199-1202},
      doi = {10.1126/science.1236770},
   adsurl = {http://adsabs.harvard.edu/abs/2013Sci...340.1199V},
  adsnote = {Provided by the SAO/NASA Astrophysics Data System}
}
@ARTICLE{2006ApJ...638..293E,
   author = {{Enoch}, M.~L. and {Young}, K.~E. and {Glenn}, J. and {Evans}, II, N.~J. and 
  {Golwala}, S. and {Sargent}, A.~I. and {Harvey}, P. and {Aguirre}, J. and 
  {Goldin}, A. and {Haig}, D. and {Huard}, T.~L. and {Lange}, A. and 
  {Laurent}, G. and {Maloney}, P. and {Mauskopf}, P. and {Rossinot}, P. and 
  {Sayers}, J.},
    title = "{Bolocam Survey for 1.1 mm Dust Continuum Emission in the c2d Legacy Clouds. I. Perseus}",
  journal = {\apj},
   eprint = {astro-ph/0510202},
 keywords = {ISM: Clouds, ISM: Individual: Name: Perseus, Stars: Formation},
     year = 2006,
    month = feb,
   volume = 638,
    pages = {293-313},
      doi = {10.1086/498678},
   adsurl = {http://adsabs.harvard.edu/abs/2006ApJ...638..293E},
  adsnote = {Provided by the SAO/NASA Astrophysics Data System}
}
@ARTICLE{2018AA...617A..44K,
   author = {{Keppler}, M. and {Benisty}, M. and {M{\"u}ller}, A. and {Henning}, T. and 
  {van Boekel}, R. and {Cantalloube}, F. and {Ginski}, C. and 
  {van Holstein}, R.~G. and {Maire}, A.-L. and {Pohl}, A. and 
  {Samland}, M. and {Avenhaus}, H. and {Baudino}, J.-L. and {Boccaletti}, A. and 
  {de Boer}, J. and {Bonnefoy}, M. and {Chauvin}, G. and {Desidera}, S. and 
  {Langlois}, M. and {Lazzoni}, C. and {Marleau}, G.-D. and {Mordasini}, C. and 
  {Pawellek}, N. and {Stolker}, T. and {Vigan}, A. and {Zurlo}, A. and 
  {Birnstiel}, T. and {Brandner}, W. and {Feldt}, M. and {Flock}, M. and 
  {Girard}, J. and {Gratton}, R. and {Hagelberg}, J. and {Isella}, A. and 
  {Janson}, M. and {Juhasz}, A. and {Kemmer}, J. and {Kral}, Q. and 
  {Lagrange}, A.-M. and {Launhardt}, R. and {Matter}, A. and {M{\'e}nard}, F. and 
  {Milli}, J. and {Molli{\`e}re}, P. and {Olofsson}, J. and {P{\'e}rez}, L. and 
  {Pinilla}, P. and {Pinte}, C. and {Quanz}, S.~P. and {Schmidt}, T. and 
  {Udry}, S. and {Wahhaj}, Z. and {Williams}, J.~P. and {Buenzli}, E. and 
  {Cudel}, M. and {Dominik}, C. and {Galicher}, R. and {Kasper}, M. and 
  {Lannier}, J. and {Mesa}, D. and {Mouillet}, D. and {Peretti}, S. and 
  {Perrot}, C. and {Salter}, G. and {Sissa}, E. and {Wildi}, F. and 
  {Abe}, L. and {Antichi}, J. and {Augereau}, J.-C. and {Baruffolo}, A. and 
  {Baudoz}, P. and {Bazzon}, A. and {Beuzit}, J.-L. and {Blanchard}, P. and 
  {Brems}, S.~S. and {Buey}, T. and {De Caprio}, V. and {Carbillet}, M. and 
  {Carle}, M. and {Cascone}, E. and {Cheetham}, A. and {Claudi}, R. and 
  {Costille}, A. and {Delboulb{\'e}}, A. and {Dohlen}, K. and 
  {Fantinel}, D. and {Feautrier}, P. and {Fusco}, T. and {Giro}, E. and 
  {Gluck}, L. and {Gry}, C. and {Hubin}, N. and {Hugot}, E. and 
  {Jaquet}, M. and {Le Mignant}, D. and {Llored}, M. and {Madec}, F. and 
  {Magnard}, Y. and {Martinez}, P. and {Maurel}, D. and {Meyer}, M. and 
  {M{\"o}ller-Nilsson}, O. and {Moulin}, T. and {Mugnier}, L. and 
  {Orign{\'e}}, A. and {Pavlov}, A. and {Perret}, D. and {Petit}, C. and 
  {Pragt}, J. and {Puget}, P. and {Rabou}, P. and {Ramos}, J. and 
  {Rigal}, F. and {Rochat}, S. and {Roelfsema}, R. and {Rousset}, G. and 
  {Roux}, A. and {Salasnich}, B. and {Sauvage}, J.-F. and {Sevin}, A. and 
  {Soenke}, C. and {Stadler}, E. and {Suarez}, M. and {Turatto}, M. and 
  {Weber}, L.},
    title = "{Discovery of a planetary-mass companion within the gap of the transition disk around PDS 70}",
  journal = {\aap},
archivePrefix = "arXiv",
   eprint = {1806.11568},
 primaryClass = "astro-ph.EP",
 keywords = {stars: individual: PDS 70, techniques: high angular resolution, protoplanetary disks, scattering, radiative transfer, planets and satellites: detection},
     year = 2018,
    month = sep,
   volume = 617,
      eid = {A44},
    pages = {A44},
      doi = {10.1051/0004-6361/201832957},
   adsurl = {http://adsabs.harvard.edu/abs/2018A%26A...617A..44K},
  adsnote = {Provided by the SAO/NASA Astrophysics Data System}
}
@ARTICLE{1983ARAA..21..343A,
   author = {{Abt}, H.~A.},
    title = "{Normal and abnormal binary frequencies}",
  journal = {\araa},
 keywords = {Binary Stars, Frequency Distribution, Giant Stars, Main Sequence Stars, Periodic Variations, A Stars, B Stars, Dwarf Stars, Late Stars, O Stars, Stellar Evolution, Stellar Spectrophotometry, Subgiant Stars},
     year = 1983,
   volume = 21,
    pages = {343-372},
      doi = {10.1146/annurev.aa.21.090183.002015},
   adsurl = {http://adsabs.harvard.edu/abs/1983ARA%26A..21..343A},
  adsnote = {Provided by the SAO/NASA Astrophysics Data System}
}
@ARTICLE{1994ARAA..32..465M,
   author = {{Mathieu}, R.~D.},
    title = "{Pre-Main-Sequence Binary Stars}",
  journal = {\araa},
     year = 1994,
   volume = 32,
    pages = {465-530},
      doi = {10.1146/annurev.aa.32.090194.002341},
   adsurl = {http://adsabs.harvard.edu/abs/1994ARA%26A..32..465M},
  adsnote = {Provided by the SAO/NASA Astrophysics Data System}
}
@ARTICLE{2009AA...503..323V,
   author = {{Visser}, R. and {van Dishoeck}, E.~F. and {Black}, J.~H.},
    title = "{The photodissociation and chemistry of CO isotopologues: applications to interstellar clouds and circumstellar disks}",
  journal = {\aap},
archivePrefix = "arXiv",
   eprint = {0906.3699},
 keywords = {astrochemistry, molecular processes, molecular data, ISM: molecules, stars: planetary systems: protoplanetary disks, ISM: clouds},
     year = 2009,
    month = aug,
   volume = 503,
    pages = {323-343},
      doi = {10.1051/0004-6361/200912129},
   adsurl = {http://adsabs.harvard.edu/abs/2009A%26A...503..323V},
  adsnote = {Provided by the SAO/NASA Astrophysics Data System}
}
@ARTICLE{1994ApJ...428L..69L,
   author = {{Lacy}, J.~H. and {Knacke}, R. and {Geballe}, T.~R. and {Tokunaga}, A.~T.
  },
    title = "{Detection of absorption by H2 in molecular clouds: A direct measurement of the H2:CO ratio}",
  journal = {\apjl},
 keywords = {Abundance, Astronomical Models, Carbon Monoxide, Hydrogen, Infrared Absorption, Infrared Astronomy, Molecular Clouds, Arrays, Data Reduction, Infrared Detectors, Spectrographs},
     year = 1994,
    month = jun,
   volume = 428,
    pages = {L69-L72},
      doi = {10.1086/187395},
   adsurl = {http://adsabs.harvard.edu/abs/1994ApJ...428L..69L},
  adsnote = {Provided by the SAO/NASA Astrophysics Data System}
}


@ARTICLE{2014ApJ...784...61O,
   author = {{Offner}, S.~S.~R. and {Arce}, H.~G.},
    title = "{Investigations of Protostellar Outflow Launching and Gas Entrainment: Hydrodynamic Simulations and Molecular Emission}",
  journal = {\apj},
archivePrefix = "arXiv",
   eprint = {1312.0951},
 primaryClass = "astro-ph.SR",
 keywords = {ISM: jets and outflows, stars: formation, stars: low-mass, stars: winds, outflows, turbulence},
     year = 2014,
    month = mar,
   volume = 784,
      eid = {61},
    pages = {61},
      doi = {10.1088/0004-637X/784/1/61},
   adsurl = {http://adsabs.harvard.edu/abs/2014ApJ...784...61O},
  adsnote = {Provided by the SAO/NASA Astrophysics Data System}
}
@ARTICLE{1994ARAA..32..191W,
   author = {{Wilson}, T.~L. and {Rood}, R.},
    title = "{Abundances in the Interstellar Medium}",
  journal = {\araa},
     year = 1994,
   volume = 32,
    pages = {191-226},
      doi = {10.1146/annurev.aa.32.090194.001203},
   adsurl = {http://adsabs.harvard.edu/abs/1994ARA%26A..32..191W},
  adsnote = {Provided by the SAO/NASA Astrophysics Data System}
}
@ARTICLE{2011AA...533A..73C,
       author = {{Cesaroni}, R. and {Beltr{\'a}n}, M.~T. and {Zhang}, Q. and
         {Beuther}, H. and {Fallscheer}, C.},
        title = "{Dissecting a hot molecular core: the case of G31.41+0.31}",
      journal = {\aap},
     keywords = {stars: formation, ISM: individual objects: G31.41+0.31, ISM: molecules, ISM: jets and outflows, accretion, accretion disks, Astrophysics - Solar and Stellar Astrophysics},
         year = "2011",
        month = "Sep",
       volume = {533},
          eid = {A73},
        pages = {A73},
          doi = {10.1051/0004-6361/201117206},
archivePrefix = {arXiv},
       eprint = {1107.2849},
 primaryClass = {astro-ph.SR},
       adsurl = {https://ui.adsabs.harvard.edu/abs/2011A&A...533A..73C},
      adsnote = {Provided by the SAO/NASA Astrophysics Data System}
}


@ARTICLE{2019ApJ...886....6T,
       author = {{Tobin}, John J. and {Megeath}, S. Thomas and
         {van{\textquoteright}t Hoff}, Merel and
         {D{\'\i}az-Rodr{\'\i}guez}, Ana Karla and {Reynolds}, Nickalas and
         {Osorio}, Mayra and {Anglada}, Guillem and {Furlan}, Elise and
         {Karnath}, Nicole and {Offner}, Stella S.~R. and {Sheehan}, Patrick D. and
         {Sadavoy}, Sarah I. and {Stutz}, Amelia M. and {Fischer}, William J. and
         {Kama}, Mihkel and {Persson}, Magnus and {Di Francesco}, James and
         {Looney}, Leslie W. and {Watson}, Dan M. and {Li}, Zhi-Yun and
         {Stephens}, Ian and {Chandler}, Claire J. and {Cox}, Erin and
         {Dunham}, Michael M. and {Kratter}, Kaitlin and {Kounkel}, Marina and
         {Mazur}, Brian and {Murillo}, Nadia M. and {Patel}, Lisa and
         {Perez}, Laura and {Segura-Cox}, Dominique and {Sharma}, Rajeeb and
         {Tychoniec}, {\L}ukasz and {Wyrowski}, Friedrich},
        title = "{The VLA/ALMA Nascent Disk and Multiplicity (VANDAM) Survey of Orion Protostars. I. Identifying and Characterizing the Protostellar Content of the OMC-2 FIR4 and OMC-2 FIR3 Regions}",
      journal = {\apj},
     keywords = {Interstellar medium, Protostars, Radio interferometry, Star formation, Star-forming regions, Young stellar objects},
         year = "2019",
        month = "Nov",
       volume = {886},
       number = {1},
          eid = {6},
        pages = {6},
          doi = {10.3847/1538-4357/ab498f},
       adsurl = {https://ui.adsabs.harvard.edu/abs/2019ApJ...886....6T},
      adsnote = {Provided by the SAO/NASA Astrophysics Data System}
}
@ARTICLE{2015Natur.527...70P,
       author = {{Plunkett}, Adele L. and {Arce}, H{\'e}ctor G. and {Mardones}, Diego and
         {van Dokkum}, Pieter and {Dunham}, Michael M. and
         {Fern{\'a}ndez-L{\'o}pez}, Manuel and {Gallardo}, Jos{\'e} and
         {Corder}, Stuartt A.},
        title = "{Episodic molecular outflow in the very young protostellar cluster Serpens South}",
      journal = {\nat},
     keywords = {Astrophysics - Solar and Stellar Astrophysics},
         year = 2015,
        month = nov,
       volume = {527},
       number = {7576},
        pages = {70-73},
          doi = {10.1038/nature15702},
archivePrefix = {arXiv},
       eprint = {1511.01100},
 primaryClass = {astro-ph.SR},
       adsurl = {https://ui.adsabs.harvard.edu/abs/2015Natur.527...70P},
      adsnote = {Provided by the SAO/NASA Astrophysics Data System}
}


@ARTICLE{2014ApJ...783...29D,
       author = {{Dunham}, Michael M. and {Arce}, H{\'e}ctor G. and {Mardones}, Diego and
         {Lee}, Jeong-Eun and {Matthews}, Brenda C. and {Stutz}, Amelia M. and
         {Williams}, Jonathan P.},
        title = "{Molecular Outflows Driven by Low-mass Protostars. I. Correcting for Underestimates When Measuring Outflow Masses and Dynamical Properties}",
      journal = {\apj},
     keywords = {ISM: clouds, ISM: jets and outflows, stars: formation, stars: low-mass, submillimeter: ISM, Astrophysics - Astrophysics of Galaxies},
         year = 2014,
        month = mar,
       volume = {783},
       number = {1},
          eid = {29},
        pages = {29},
          doi = {10.1088/0004-637X/783/1/29},
archivePrefix = {arXiv},
       eprint = {1401.2391},
 primaryClass = {astro-ph.GA},
       adsurl = {https://ui.adsabs.harvard.edu/abs/2014ApJ...783...29D},
      adsnote = {Provided by the SAO/NASA Astrophysics Data System}
}


@ARTICLE{2020ApJ...890..130T,
       author = {{Tobin}, John J. and {Sheehan}, Patrick D. and {Megeath}, S. Thomas and
         {D{\'\i}az-Rodr{\'\i}guez}, Ana Karla and {Offner}, Stella S.~R. and
         {Murillo}, Nadia M. and {van 't Hoff}, Merel L.~R. and
         {van Dishoeck}, Ewine F. and {Osorio}, Mayra and {Anglada}, Guillem and
         {Furlan}, Elise and {Stutz}, Amelia M. and {Reynolds}, Nickalas and
         {Karnath}, Nicole and {Fischer}, William J. and {Persson}, Magnus and
         {Looney}, Leslie W. and {Li}, Zhi-Yun and {Stephens}, Ian and {Chand
        ler}, Claire J. and {Cox}, Erin and {Dunham}, Michael M. and
         {Tychoniec}, {\L}ukasz and {Kama}, Mihkel and {Kratter}, Kaitlin and
         {Kounkel}, Marina and {Mazur}, Brian and {Maud}, Luke and
         {Patel}, Lisa and {Perez}, Laura and {Sadavoy}, Sarah I. and
         {Segura-Cox}, Dominique and {Sharma}, Rajeeb and {Stephenson}, Brian and
         {Watson}, Dan M. and {Wyrowski}, Friedrich},
        title = "{The VLA/ALMA Nascent Disk and Multiplicity (VANDAM) Survey of Orion Protostars. II. A Statistical Characterization of Class 0 and Class I Protostellar Disks}",
      journal = {\apj},
     keywords = {Astrophysics - Astrophysics of Galaxies},
         year = 2020,
        month = feb,
       volume = {890},
       number = {2},
          eid = {130},
        pages = {130},
          doi = {10.3847/1538-4357/ab6f64},
archivePrefix = {arXiv},
       eprint = {2001.04468},
 primaryClass = {astro-ph.GA},
       adsurl = {https://ui.adsabs.harvard.edu/abs/2020ApJ...890..130T},
      adsnote = {Provided by the SAO/NASA Astrophysics Data System}
}



@ARTICLE{2014prpl.conf...27A,
   author = {{Andr{\'e}}, P. and {Di Francesco}, J. and {Ward-Thompson}, D. and 
  {Inutsuka}, S.-I. and {Pudritz}, R.~E. and {Pineda}, J.~E.},
    title = "{From Filamentary Networks to Dense Cores in Molecular Clouds: Toward a New Paradigm for Star Formation}",
  journal = {Protostars and Planets VI},
archivePrefix = "arXiv",
   eprint = {1312.6232},
     year = 2014,
    pages = {27-51},
      doi = {10.2458/azu_uapress_9780816531240-ch002},
   adsurl = {http://adsabs.harvard.edu/abs/2014prpl.conf...27A},
  adsnote = {Provided by the SAO/NASA Astrophysics Data System}
}

@ARTICLE{2016ApJ...828...46A,
   author = {{Ansdell}, M. and {Williams}, J.~P. and {van der Marel}, N. and 
  {Carpenter}, J.~M. and {Guidi}, G. and {Hogerheijde}, M. and 
  {Mathews}, G.~S. and {Manara}, C.~F. and {Miotello}, A. and 
  {Natta}, A. and {Oliveira}, I. and {Tazzari}, M. and {Testi}, L. and 
  {van Dishoeck}, E.~F. and {van Terwisga}, S.~E.},
    title = "{ALMA Survey of Lupus Protoplanetary Disks. I. Dust and Gas Masses}",
  journal = {\apj},
archivePrefix = "arXiv",
   eprint = {1604.05719},
 primaryClass = "astro-ph.EP",
 keywords = {circumstellar matter, planets and satellites: formation, protoplanetary disks, stars: formation, stars: late-type, stars: protostars},
     year = 2016,
    month = sep,
   volume = 828,
      eid = {46},
    pages = {46},
      doi = {10.3847/0004-637X/828/1/46},
   adsurl = {http://adsabs.harvard.edu/abs/2016ApJ...828...46A},
  adsnote = {Provided by the SAO/NASA Astrophysics Data System}
}

@ARTICLE{2006ApJ...646.1070A,
   author = {{Arce}, H.~G. and {Sargent}, A.~I.},
    title = "{The Evolution of Outflow-Envelope Interactions in Low-Mass Protostars}",
  journal = {\apj},
   eprint = {astro-ph/0605139},
 keywords = {ISM: Evolution, ISM: Jets and Outflows, ISM: Molecules, Stars: Formation, Stars: Pre-Main-Sequence},
     year = 2006,
    month = aug,
   volume = 646,
    pages = {1070-1085},
      doi = {10.1086/505104},
   adsurl = {http://adsabs.harvard.edu/abs/2006ApJ...646.1070A},
  adsnote = {Provided by the SAO/NASA Astrophysics Data System}
}

@ARTICLE{2012MNRAS.419.3115B,
   author = {{Bate}, M.~R.},
    title = "{Stellar, brown dwarf and multiple star properties from a radiation hydrodynamical simulation of star cluster formation}",
  journal = {\mnras},
archivePrefix = "arXiv",
   eprint = {1110.1092},
 primaryClass = "astro-ph.SR",
 keywords = {hydrodynamics, radiative transfer, binaries: general, stars: formation, stars: low-mass, stars: luminosity function, mass function},
     year = 2012,
    month = feb,
   volume = 419,
    pages = {3115-3146},
      doi = {10.1111/j.1365-2966.2011.19955.x},
   adsurl = {http://adsabs.harvard.edu/abs/2012MNRAS.419.3115B},
  adsnote = {Provided by the SAO/NASA Astrophysics Data System}
}

@ARTICLE{2015MNRAS.448.1007B,
   author = {{Behrendt}, M. and {Burkert}, A. and {Schartmann}, M.},
    title = "{Structure formation in gas-rich galactic discs with finite thickness: from discs to rings}",
  journal = {\mnras},
archivePrefix = "arXiv",
   eprint = {1408.5902},
 keywords = {hydrodynamics, instabilities, methods: numerical, galaxies: evolution, galaxies: high-redshift, galaxies: structure},
     year = 2015,
    month = mar,
   volume = 448,
    pages = {1007-1019},
      doi = {10.1093/mnras/stv027},
   adsurl = {http://adsabs.harvard.edu/abs/2015MNRAS.448.1007B},
  adsnote = {Provided by the SAO/NASA Astrophysics Data System}
}
@ARTICLE{1984ApJ...286..529T,
   author = {{Terebey}, S. and {Shu}, F.~H. and {Cassen}, P.},
    title = "{The collapse of the cores of slowly rotating isothermal clouds}",
  journal = {\apj},
 keywords = {Computational Astrophysics, Gravitational Collapse, Molecular Clouds, Planetary Evolution, Rotating Matter, Stellar Evolution, Angular Momentum, Differential Equations, Hydrodynamic Equations, Nebulae, Plasma Density, Plasma Equilibrium, Protostars, Stellar Envelopes},
     year = 1984,
    month = nov,
   volume = 286,
    pages = {529-551},
      doi = {10.1086/162628},
   adsurl = {https://ui.adsabs.harvard.edu/abs/1984ApJ...286..529T},
  adsnote = {Provided by the SAO/NASA Astrophysics Data System}
}


@BOOK{2008gady.book.....B,
   author = {{Binney}, J. and {Tremaine}, S.},
    title = "{Galactic Dynamics: Second Edition}",
booktitle = {Galactic Dynamics: Second Edition, by James Binney and Scott Tremaine.~ISBN 978-0-691-13026-2 (HB).~Published by Princeton University Press, Princeton, NJ USA, 2008.},
     year = 2008,
publisher = {Princeton University Press},
   adsurl = {http://adsabs.harvard.edu/abs/2008gady.book.....B},
  adsnote = {Provided by the SAO/NASA Astrophysics Data System}
}
@ARTICLE{1976ApJ...210..377U,
   author = {{Ulrich}, R.~K.},
    title = "{An infall model for the T Tauri phenomenon}",
  journal = {\apj},
 keywords = {Emission Spectra, Gravitational Collapse, Stellar Evolution, Stellar Spectra, T Tauri Stars, Variable Stars, H Alpha Line, H Beta Line, Kinetic Energy, Line Spectra, Radiative Transfer, Shock Layers, Stellar Models},
     year = 1976,
    month = dec,
   volume = 210,
    pages = {377-391},
      doi = {10.1086/154840},
   adsurl = {https://ui.adsabs.harvard.edu/abs/1976ApJ...210..377U},
  adsnote = {Provided by the SAO/NASA Astrophysics Data System}
}


@ARTICLE{1978ApJ...224..132B,
   author = {{Bohlin}, R.~C. and {Savage}, B.~D. and {Drake}, J.~F.},
    title = "{A survey of interstellar H I from L-alpha absorption measurements. II}",
  journal = {\apj},
 keywords = {Hydrogen Clouds, Interstellar Gas, Lyman Alpha Radiation, Molecular Absorption, Ultraviolet Spectra, Abundance, Hydrogen Atoms, Interstellar Extinction, Neutral Particles, Oao 2, Satellite Observation},
     year = 1978,
    month = aug,
   volume = 224,
    pages = {132-142},
      doi = {10.1086/156357},
   adsurl = {http://adsabs.harvard.edu/abs/1978ApJ...224..132B},
  adsnote = {Provided by the SAO/NASA Astrophysics Data System}
}

@ARTICLE{2009ApJ...692..973E,
   author = {{Enoch}, M.~L. and {Evans}, II, N.~J. and {Sargent}, A.~I. and 
  {Glenn}, J.},
    title = "{Properties of the Youngest Protostars in Perseus, Serpens, and Ophiuchus}",
  journal = {\apj},
archivePrefix = "arXiv",
   eprint = {0809.4012},
 keywords = {infrared: ISM, ISM: clouds, ISM: individual: Perseus Serpens Ophiuchus, stars: formation, submillimeter},
     year = 2009,
    month = feb,
   volume = 692,
    pages = {973-997},
      doi = {10.1088/0004-637X/692/2/973},
   adsurl = {http://adsabs.harvard.edu/abs/2009ApJ...692..973E},
  adsnote = {Provided by the SAO/NASA Astrophysics Data System}
}

@ARTICLE{2018ApJ...856..164T,
   author = {{Tobin}, J.~J. and {Bos}, S.~P. and {Dunham}, M.~M. and {Bourke}, T.~L. and 
  {van der Marel}, N.},
    title = "{The Envelope Kinematics and a Possible Disk around the Class 0 Protostar within BHR7}",
  journal = {\apj},
archivePrefix = "arXiv",
   eprint = {1802.08277},
 primaryClass = "astro-ph.SR",
 keywords = {ISM: individual objects: BHR7, ISM: jets and outflows, ISM: molecules, stars: formation, stars: protostars},
     year = 2018,
    month = apr,
   volume = 856,
      eid = {164},
    pages = {164},
      doi = {10.3847/1538-4357/aaafc7},
   adsurl = {http://adsabs.harvard.edu/abs/2018ApJ...856..164T},
  adsnote = {Provided by the SAO/NASA Astrophysics Data System}
}

@ARTICLE{2016Natur.538..483T,
   author = {{Tobin}, J.~J. and {Kratter}, K.~M. and {Persson}, M.~V. and 
  {Looney}, L.~W. and {Dunham}, M.~M. and {Segura-Cox}, D. and 
  {Li}, Z.-Y. and {Chandler}, C.~J. and {Sadavoy}, S.~I. and {Harris}, R.~J. and 
  {Melis}, C. and {P{\'e}rez}, L.~M.},
    title = "{A triple protostar system formed via fragmentation of a gravitationally unstable disk}",
  journal = {\nat},
archivePrefix = "arXiv",
   eprint = {1610.08524},
 primaryClass = "astro-ph.SR",
     year = 2016,
    month = oct,
   volume = 538,
    pages = {483-486},
      doi = {10.1038/nature20094},
   adsurl = {http://adsabs.harvard.edu/abs/2016Natur.538..483T},
  adsnote = {Provided by the SAO/NASA Astrophysics Data System}
}
@article{astropy2013,
Adsnote = {Provided by the SAO/NASA Astrophysics Data System},
Adsurl = {http://adsabs.harvard.edu/abs/2013A%26A...558A..33A},
Archiveprefix = {arXiv},
Author = {{Astropy Collaboration} and {Robitaille}, T.~P. and {Tollerud}, E.~J. and {Greenfield}, P. and {Droettboom}, M. and {Bray}, E. and {Aldcroft}, T. and {Davis}, M. and {Ginsburg}, A. and {Price-Whelan}, A.~M. and {Kerzendorf}, W.~E. and {Conley}, A. and {Crighton}, N. and {Barbary}, K. and {Muna}, D. and {Ferguson}, H. and {Grollier}, F. and {Parikh}, M.~M. and {Nair}, P.~H. and {Unther}, H.~M. and {Deil}, C. and {Woillez}, J. and {Conseil}, S. and {Kramer}, R. and {Turner}, J.~E.~H. and {Singer}, L. and {Fox}, R. and {Weaver}, B.~A. and {Zabalza}, V. and {Edwards}, Z.~I. and {Azalee Bostroem}, K. and {Burke}, D.~J. and {Casey}, A.~R. and {Crawford}, S.~M. and {Dencheva}, N. and {Ely}, J. and {Jenness}, T. and {Labrie}, K. and {Lim}, P.~L. and {Pierfederici}, F. and {Pontzen}, A. and {Ptak}, A. and {Refsdal}, B. and {Servillat}, M. and {Streicher}, O.},
Doi = {10.1051/0004-6361/201322068},
Eid = {A33},
Eprint = {1307.6212},
Journal = {\aap},
Keywords = {methods: data analysis, methods: miscellaneous, virtual observatory tools},
Month = oct,
Pages = {A33},
Primaryclass = {astro-ph.IM},
Title = {{Astropy: A community Python package for astronomy}},
Volume = 558,
Year = 2013,
}
@PHDTHESIS{2013PhDT.......434S,
       author = {{Sadavoy}, Sarah I.},
        title = "{Star Formation in the Perseus Molecular Cloud: A Detailed Look at Star-Forming Clumps with Herschel}",
       school = {University of Victoria},
         year = 2013,
        month = aug,
       adsurl = {https://ui.adsabs.harvard.edu/abs/2013PhDT.......434S},
      adsnote = {Provided by the SAO/NASA Astrophysics Data System}
}
@BOOK{2009tra..book.....W,
       author = {{Wilson}, Thomas L. and {Rohlfs}, Kristen and
         {H{\"u}ttemeister}, Susanne},
        title = "{Tools of Radio Astronomy}",
         year = 2009,
          doi = {10.1007/978-3-540-85122-6},
       adsurl = {https://ui.adsabs.harvard.edu/abs/2009tra..book.....W},
      adsnote = {Provided by the SAO/NASA Astrophysics Data System}
}
@ARTICLE{1998ApJ...502..661W,
       author = {{Wilkin}, Francis P. and {Stahler}, Steven W.},
        title = "{The Confinement and Breakout of Protostellar Winds: Quasi-Steady Solution}",
      journal = {\apj},
     keywords = {STARS: CIRCUMSTELLAR MATTER, ISM: JETS AND OUTFLOWS, STARS: MASS LOSS, STARS: PRE-MAIN-SEQUENCE, circumstellar material, ISM: Jets and Outflows, Stars: Mass Loss, Stars: Pre-Main-Sequence},
         year = 1998,
        month = aug,
       volume = {502},
       number = {2},
        pages = {661-675},
          doi = {10.1086/305948},
       adsurl = {https://ui.adsabs.harvard.edu/abs/1998ApJ...502..661W},
      adsnote = {Provided by the SAO/NASA Astrophysics Data System}
}



@article{astropy2018,
Adsnote = {Provided by the SAO/NASA Astrophysics Data System},
Adsurl = {https://ui.adsabs.harvard.edu/#abs/2018AJ....156..123T},
Author = {{Price-Whelan}, A.~M. and {Sip{\H{o}}cz}, B.~M. and {G{\"u}nther}, H.~M. and {Lim}, P.~L. and {Crawford}, S.~M. and {Conseil}, S. and {Shupe}, D.~L. and {Craig}, M.~W. and {Dencheva}, N. and {Ginsburg}, A. and {VanderPlas}, J.~T. and {Bradley}, L.~D. and {P{\'e}rez-Su{\'a}rez}, D. and {de Val-Borro}, M. and {Paper Contributors}, (Primary and {Aldcroft}, T.~L. and {Cruz}, K.~L. and {Robitaille}, T.~P. and {Tollerud}, E.~J. and {Coordination Committee}, (Astropy and {Ardelean}, C. and {Babej}, T. and {Bach}, Y.~P. and {Bachetti}, M. and {Bakanov}, A.~V. and {Bamford}, S.~P. and {Barentsen}, G. and {Barmby}, P. and {Baumbach}, A. and {Berry}, K.~L. and {Biscani}, F. and {Boquien}, M. and {Bostroem}, K.~A. and {Bouma}, L.~G. and {Brammer}, G.~B. and {Bray}, E.~M. and {Breytenbach}, H. and {Buddelmeijer}, H. and {Burke}, D.~J. and {Calderone}, G. and {Cano Rodr{\'\i}guez}, J.~L. and {Cara}, M. and {Cardoso}, J.~V.~M. and {Cheedella}, S. and {Copin}, Y. and {Corrales}, L. and {Crichton}, D. and {D{\textquoteright}Avella}, D. and {Deil}, C. and {Depagne}, {\'E}. and {Dietrich}, J.~P. and {Donath}, A. and {Droettboom}, M. and {Earl}, N. and {Erben}, T. and {Fabbro}, S. and {Ferreira}, L.~A. and {Finethy}, T. and {Fox}, R.~T. and {Garrison}, L.~H. and {Gibbons}, S.~L.~J. and {Goldstein}, D.~A. and {Gommers}, R. and {Greco}, J.~P. and {Greenfield}, P. and {Groener}, A.~M. and {Grollier}, F. and {Hagen}, A. and {Hirst}, P. and {Homeier}, D. and {Horton}, A.~J. and {Hosseinzadeh}, G. and {Hu}, L. and {Hunkeler}, J.~S. and {Ivezi{\'c}}, {\v{Z}}. and {Jain}, A. and {Jenness}, T. and {Kanarek}, G. and {Kendrew}, S. and {Kern}, N.~S. and {Kerzendorf}, W.~E. and {Khvalko}, A. and {King}, J. and {Kirkby}, D. and {Kulkarni}, A.~M. and {Kumar}, A. and {Lee}, A. and {Lenz}, D. and {Littlefair}, S.~P. and {Ma}, Z. and {Macleod}, D.~M. and {Mastropietro}, M. and {McCully}, C. and {Montagnac}, S. and {Morris}, B.~M. and {Mueller}, M. and {Mumford}, S.~J. and {Muna}, D. and {Murphy}, N.~A. and {Nelson}, S. and {Nguyen}, G.~H. and {Ninan}, J.~P. and {N{\"o}the}, M. and {Ogaz}, S. and {Oh}, S. and {Parejko}, J.~K. and {Parley}, N. and {Pascual}, S. and {Patil}, R. and {Patil}, A.~A. and {Plunkett}, A.~L. and {Prochaska}, J.~X. and {Rastogi}, T. and {Reddy Janga}, V. and {Sabater}, J. and {Sakurikar}, P. and {Seifert}, M. and {Sherbert}, L.~E. and {Sherwood-Taylor}, H. and {Shih}, A.~Y. and {Sick}, J. and {Silbiger}, M.~T. and {Singanamalla}, S. and {Singer}, L.~P. and {Sladen}, P.~H. and {Sooley}, K.~A. and {Sornarajah}, S. and {Streicher}, O. and {Teuben}, P. and {Thomas}, S.~W. and {Tremblay}, G.~R. and {Turner}, J.~E.~H. and {Terr{\'o}n}, V. and {van Kerkwijk}, M.~H. and {de la Vega}, A. and {Watkins}, L.~L. and {Weaver}, B.~A. and {Whitmore}, J.~B. and {Woillez}, J. and {Zabalza}, V. and {Contributors}, (Astropy},
Doi = {10.3847/1538-3881/aabc4f},
Eid = {123},
Journal = {\aj},
Keywords = {methods: data analysis, methods: miscellaneous, methods: statistical, reference systems, Astrophysics - Instrumentation and Methods for Astrophysics},
Month = Sep,
Pages = {123},
Primaryclass = {astro-ph.IM},
Title = {{The Astropy Project: Building an Open-science Project and Status of the v2.0 Core Package}},
Volume = {156},
Year = 2018,
}
@ARTICLE{2009ApJ...696..841K,
       author = {{Kwon}, Woojin and {Looney}, Leslie W. and {Mundy}, Lee G. and
         {Chiang}, Hsin-Fang and {Kemball}, Athol J.},
        title = "{Grain Growth and Density Distribution of the Youngest Protostellar Systems}",
      journal = {\apj},
     keywords = {circumstellar matter, stars: individual: L1448 IRS 2 L1448 IRS 3 L1157, Astrophysics - Solar and Stellar Astrophysics},
         year = 2009,
        month = may,
       volume = {696},
       number = {1},
        pages = {841-852},
          doi = {10.1088/0004-637X/696/1/841},
archivePrefix = {arXiv},
       eprint = {0902.2008},
 primaryClass = {astro-ph.SR},
       adsurl = {https://ui.adsabs.harvard.edu/abs/2009ApJ...696..841K},
      adsnote = {Provided by the SAO/NASA Astrophysics Data System}
}




@ARTICLE{1994AA...291..943O,
   author = {{Ossenkopf}, V. and {Henning}, T.},
    title = "{Dust opacities for protostellar cores}",
  journal = {\aap},
 keywords = {Coagulation, Dust, Opacity, Protostars, Star Formation, Stellar Cores, Stellar Models, Absorptivity, Gas Density, Infrared Astronomy, Interstellar Extinction, Optical Properties, Radio Astronomy, Stellar Composition},
     year = 1994,
    month = nov,
   volume = 291,
    pages = {943-959},
   adsurl = {http://adsabs.harvard.edu/abs/1994A%26A...291..943O},
  adsnote = {Provided by the SAO/NASA Astrophysics Data System}
}
@MISC{2012ascl.soft08017R,
   author = {{Robitaille}, T. and {Bressert}, E.},
    title = "{APLpy: Astronomical Plotting Library in Python}",
 keywords = {Software },
howpublished = {Astrophysics Source Code Library},
     year = 2012,
    month = aug,
archivePrefix = "ascl",
   eprint = {1208.017},
   adsurl = {http://adsabs.harvard.edu/abs/2012ascl.soft08017R},
  adsnote = {Provided by the SAO/NASA Astrophysics Data System}
}


@ARTICLE{1987ARAA..25...23S,
   author = {{Shu}, F.~H. and {Adams}, F.~C. and {Lizano}, S.},
    title = "{Star formation in molecular clouds - Observation and theory}",
  journal = {\araa},
 keywords = {Astrophysics, Molecular Clouds, Star Formation, Stellar Models, Astronomical Maps, Binary Stars, Gravitational Collapse, Protostars, Star Clusters, Stellar Mass},
     year = 1987,
   volume = 25,
    pages = {23-81},
      doi = {10.1146/annurev.aa.25.090187.000323},
   adsurl = {http://adsabs.harvard.edu/abs/1987ARA%26A..25...23S},
  adsnote = {Provided by the SAO/NASA Astrophysics Data System}
}

@ARTICLE{2016ApJ...818...73T,
   author = {{Tobin}, J.~J. and {Looney}, L.~W. and {Li}, Z.-Y. and {Chandler}, C.~J. and 
  {Dunham}, M.~M. and {Segura-Cox}, D. and {Sadavoy}, S.~I. and 
  {Melis}, C. and {Harris}, R.~J. and {Kratter}, K. and {Perez}, L.
  },
    title = "{The VLA Nascent Disk and Multiplicity Survey of Perseus Protostars (VANDAM). II. Multiplicity of Protostars in the Perseus Molecular Cloud}",
  journal = {\apj},
archivePrefix = "arXiv",
   eprint = {1601.00692},
 primaryClass = "astro-ph.SR",
 keywords = {binaries: close, planetary systems, protoplanetary disks, stars: formation, stars: protostars, techniques: interferometric},
     year = 2016,
    month = feb,
   volume = 818,
      eid = {73},
    pages = {73},
      doi = {10.3847/0004-637X/818/1/73},
   adsurl = {http://adsabs.harvard.edu/abs/2016ApJ...818...73T},
  adsnote = {Provided by the SAO/NASA Astrophysics Data System}
}

@ARTICLE{2009MNRAS.392..413S,
   author = {{Stamatellos}, D. and {Whitworth}, A.~P.},
    title = "{The properties of brown dwarfs and low-mass hydrogen-burning stars formed by disc fragmentation}",
  journal = {\mnras},
archivePrefix = "arXiv",
   eprint = {0810.1687},
 keywords = {accretion, accretion discs , hydrodynamics , radiative transfer , methods: numerical , stars: formation , stars: low-mass, brown dwarfs},
     year = 2009,
    month = jan,
   volume = 392,
    pages = {413-427},
      doi = {10.1111/j.1365-2966.2008.14069.x},
   adsurl = {http://adsabs.harvard.edu/abs/2009MNRAS.392..413S},
  adsnote = {Provided by the SAO/NASA Astrophysics Data System}
}

@ARTICLE{2016MNRAS.459.1892S,
   author = {{Seifried}, D. and {S{\'a}nchez-Monge}, {\'A}. and {Walch}, S. and 
  {Banerjee}, R.},
    title = "{Revealing the dynamics of Class 0 protostellar discs with ALMA}",
  journal = {\mnras},
archivePrefix = "arXiv",
   eprint = {1601.02384},
 primaryClass = "astro-ph.SR",
 keywords = {accretion, accretion discs, MHD, methods: numerical, methods: observational, techniques: interferometric, stars: formation},
     year = 2016,
    month = jun,
   volume = 459,
    pages = {1892-1906},
      doi = {10.1093/mnras/stw785},
   adsurl = {http://adsabs.harvard.edu/abs/2016MNRAS.459.1892S},
  adsnote = {Provided by the SAO/NASA Astrophysics Data System}
}

@ARTICLE{2017ApJ...851...45S,
   author = {{Sheehan}, P.~D. and {Eisner}, J.~A.},
    title = "{Disk Masses for Embedded Class I Protostars in the Taurus Molecular Cloud}",
  journal = {\apj},
archivePrefix = "arXiv",
   eprint = {1712.02378},
 primaryClass = "astro-ph.SR",
 keywords = {protoplanetary disks, stars: formation},
     year = 2017,
    month = dec,
   volume = 851,
      eid = {45},
    pages = {45},
      doi = {10.3847/1538-4357/aa9990},
   adsurl = {http://adsabs.harvard.edu/abs/2017ApJ...851...45S},
  adsnote = {Provided by the SAO/NASA Astrophysics Data System}
}

@ARTICLE{2014ApJ...787L..18S,
   author = {{Sadavoy}, S.~I. and {Di Francesco}, J. and {Andr{\'e}}, P. and 
  {Pezzuto}, S. and {Bernard}, J.-P. and {Maury}, A. and {Men'shchikov}, A. and 
  {Motte}, F. and {Nguyen-Lu'o'ng}, Q. and {Schneider}, N. and 
  {Arzoumanian}, D. and {Benedettini}, M. and {Bontemps}, S. and 
  {Elia}, D. and {Hennemann}, M. and {Hill}, T. and {K{\"o}nyves}, V. and 
  {Louvet}, F. and {Peretto}, N. and {Roy}, A. and {White}, G.~J.
  },
    title = "{Class 0 Protostars in the Perseus Molecular Cloud: A Correlation Between the Youngest Protostars and the Dense Gas Distribution}",
  journal = {\apjl},
archivePrefix = "arXiv",
   eprint = {1404.7142},
 primaryClass = "astro-ph.SR",
 keywords = {dust, extinction, ISM: individual objects: Perseus, stars: formation, stars: protostars},
     year = 2014,
    month = jun,
   volume = 787,
      eid = {L18},
    pages = {L18},
      doi = {10.1088/2041-8205/787/2/L18},
   adsurl = {http://adsabs.harvard.edu/abs/2014ApJ...787L..18S},
  adsnote = {Provided by the SAO/NASA Astrophysics Data System}
}
@ARTICLE{1993ApJ...406..122A,
   author = {{Andre}, P. and {Ward-Thompson}, D. and {Barsony}, M.},
    title = "{Submillimeter continuum observations of Rho Ophiuchi A - The candidate protostar VLA 1623 and prestellar clumps}",
  journal = {\apj},
 keywords = {Early Stars, Protostars, Star Formation, Stellar Structure, Cosmic Dust, Energy Distribution, Submillimeter Waves},
     year = 1993,
    month = mar,
   volume = 406,
    pages = {122-141},
      doi = {10.1086/172425},
   adsurl = {http://adsabs.harvard.edu/abs/1993ApJ...406..122A},
  adsnote = {Provided by the SAO/NASA Astrophysics Data System}
}


@ARTICLE{2014ApJ...796..131O,
   author = {{Ohashi}, N. and {Saigo}, K. and {Aso}, Y. and {Aikawa}, Y. and 
  {Koyamatsu}, S. and {Machida}, M.~N. and {Saito}, M. and {Takahashi}, S.~Z. and 
  {Takakuwa}, S. and {Tomida}, K. and {Tomisaka}, K. and {Yen}, H.-W.
  },
    title = "{Formation of a Keplerian Disk in the Infalling Envelope around L1527 IRS: Transformation from Infalling Motions to Kepler Motions}",
  journal = {\apj},
archivePrefix = "arXiv",
   eprint = {1410.0172},
 keywords = {circumstellar matter, stars: individual: L1527 IRS, stars: low-mass, stars: protostars},
     year = 2014,
    month = dec,
   volume = 796,
      eid = {131},
    pages = {131},
      doi = {10.1088/0004-637X/796/2/131},
   adsurl = {http://adsabs.harvard.edu/abs/2014ApJ...796..131O},
  adsnote = {Provided by the SAO/NASA Astrophysics Data System}
}

@ARTICLE{2018arXiv180803499O,
   author = {{Ortiz-Le{\'o}n}, G.~N. and {Loinard}, L. and {Dzib}, S.~A. and 
  {Galli}, P.~A.~B. and {Kounkel}, M. and {Mioduszewski}, A.~J. and 
  {Rodr{\'{\i}}guez}, L.~F. and {Torres}, R.~M. and {Hartmann}, L. and 
  {Boden}, A.~F. and {Evans}, II, N.~J. and {Brice{\~n}o}, C. and 
  {Tobin}, J.~J.},
    title = "{The Gould's Belt Distances Survey (GOBELINS). V. Distances and Kinematics of the Perseus molecular cloud}",
  journal = {ArXiv e-prints},
archivePrefix = "arXiv",
   eprint = {1808.03499},
 primaryClass = "astro-ph.SR",
 keywords = {Astrophysics - Solar and Stellar Astrophysics, Astrophysics - Astrophysics of Galaxies},
     year = 2018,
    month = aug,
   adsurl = {http://adsabs.harvard.edu/abs/2018arXiv180803499O},
  adsnote = {Provided by the SAO/NASA Astrophysics Data System}
}

@ARTICLE{2018ApJ...856..147O,
   author = {{Ohashi}, S. and {Sanhueza}, P. and {Sakai}, N. and {Kandori}, R. and 
  {Choi}, M. and {Hirota}, T. and {Nguy{\#7877}n-Lu'o'ng}, Q. and 
  {Tatematsu}, K.},
    title = "{Gravitationally Unstable Condensations Revealed by ALMA in the TUKH122 Prestellar Core in the Orion A Cloud}",
  journal = {\apj},
archivePrefix = "arXiv",
   eprint = {1803.03340},
 keywords = {ISM: clouds, ISM: individual objects: Orion Nebula, Orion Molecular Cloud, ISM: molecules, ISM: structure, stars: formation},
     year = 2018,
    month = apr,
   volume = 856,
      eid = {147},
    pages = {147},
      doi = {10.3847/1538-4357/aab3d0},
   adsurl = {http://adsabs.harvard.edu/abs/2018ApJ...856..147O},
  adsnote = {Provided by the SAO/NASA Astrophysics Data System}
}

@INPROCEEDINGS{2005ASSL..327...41C,
   author = {{Chabrier}, G.},
    title = "{The Initial Mass Function: From Salpeter 1955 to 2005}",
 keywords = {Physics},
booktitle = {The Initial Mass Function 50 Years Later},
     year = 2005,
   series = {Astrophysics and Space Science Library},
   volume = 327,
   eprint = {astro-ph/0409465},
   editor = {{Corbelli}, E. and {Palla}, F. and {Zinnecker}, H.},
    month = jan,
    pages = {41},
      doi = {10.1007/978-1-4020-3407-7_5},
   adsurl = {https://ui.adsabs.harvard.edu/abs/2005ASSL..327...41C},
  adsnote = {Provided by the SAO/NASA Astrophysics Data System}
}

@ARTICLE{2012MNRAS.420L..53O,
   author = {{Offner}, S.~S.~R. and {Capodilupo}, J. and {Schnee}, S. and 
  {Goodman}, A.~A.},
    title = "{Observing turbulent fragmentation in simulations: predictions for CARMA and ALMA}",
  journal = {\mnras},
archivePrefix = "arXiv",
   eprint = {1111.4209},
 primaryClass = "astro-ph.SR",
 keywords = {stars: protostars, stars: starless cores},
     year = 2012,
    month = feb,
   volume = 420,
    pages = {L53-L57},
      doi = {10.1111/j.1745-3933.2011.01194.x},
   adsurl = {http://adsabs.harvard.edu/abs/2012MNRAS.420L..53O},
  adsnote = {Provided by the SAO/NASA Astrophysics Data System}
}

@ARTICLE{2010ApJ...725.1485O,
   author = {{Offner}, S.~S.~R. and {Kratter}, K.~M. and {Matzner}, C.~D. and 
  {Krumholz}, M.~R. and {Klein}, R.~I.},
    title = "{The Formation of Low-mass Binary Star Systems Via Turbulent Fragmentation}",
  journal = {\apj},
archivePrefix = "arXiv",
   eprint = {1010.3702},
 primaryClass = "astro-ph.SR",
 keywords = {accretion, accretion disks, binaries: general, radiative transfer, turbulence},
     year = 2010,
    month = dec,
   volume = 725,
    pages = {1485-1494},
      doi = {10.1088/0004-637X/725/2/1485},
   adsurl = {http://adsabs.harvard.edu/abs/2010ApJ...725.1485O},
  adsnote = {Provided by the SAO/NASA Astrophysics Data System}
}

@ARTICLE{2011MNRAS.410..559M,
   author = {{Meru}, F. and {Bate}, M.~R.},
    title = "{On the fragmentation criteria of self-gravitating protoplanetary discs}",
  journal = {\mnras},
archivePrefix = "arXiv",
   eprint = {1008.0465},
 primaryClass = "astro-ph.EP",
 keywords = {accretion, accretion discs, gravitation, hydrodynamics, instabilities, planets and satellites: formation, protoplanetary discs},
     year = 2011,
    month = jan,
   volume = 410,
    pages = {559-572},
      doi = {10.1111/j.1365-2966.2010.17465.x},
   adsurl = {http://adsabs.harvard.edu/abs/2011MNRAS.410..559M},
  adsnote = {Provided by the SAO/NASA Astrophysics Data System}
}

@ARTICLE{2014prpl.conf..173L,
   author = {{Li}, Z.-Y. and {Banerjee}, R. and {Pudritz}, R.~E. and {J{\o}rgensen}, J.~K. and 
  {Shang}, H. and {Krasnopolsky}, R. and {Maury}, A.},
    title = "{The Earliest Stages of Star and Planet Formation: Core Collapse, and the Formation of Disks and Outflows}",
  journal = {Protostars and Planets VI},
archivePrefix = "arXiv",
   eprint = {1401.2219},
 primaryClass = "astro-ph.SR",
     year = 2014,
    pages = {173-194},
      doi = {10.2458/azu_uapress_9780816531240-ch008},
   adsurl = {http://adsabs.harvard.edu/abs/2014prpl.conf..173L},
  adsnote = {Provided by the SAO/NASA Astrophysics Data System}
}

@ARTICLE{2010ApJ...708.1585K,
   author = {{Kratter}, K.~M. and {Matzner}, C.~D. and {Krumholz}, M.~R. and 
  {Klein}, R.~I.},
    title = "{On the Role of Disks in the Formation of Stellar Systems: A Numerical Parameter Study of Rapid Accretion}",
  journal = {\apj},
archivePrefix = "arXiv",
   eprint = {0907.3476},
 primaryClass = "astro-ph.SR",
 keywords = {accretion, accretion disks, binaries: general, stars: formation, stars: low-mass, brown dwarfs},
     year = 2010,
    month = jan,
   volume = 708,
    pages = {1585-1597},
      doi = {10.1088/0004-637X/708/2/1585},
   adsurl = {http://adsabs.harvard.edu/abs/2010ApJ...708.1585K},
  adsnote = {Provided by the SAO/NASA Astrophysics Data System}
}

@INPROCEEDINGS{2007ASPC..376..127M,
   author = {{McMullin}, J.~P. and {Waters}, B. and {Schiebel}, D. and {Young}, W. and 
  {Golap}, K.},
    title = "{CASA Architecture and Applications}",
booktitle = {Astronomical Data Analysis Software and Systems XVI},
     year = 2007,
   series = {Astronomical Society of the Pacific Conference Series},
   volume = 376,
   editor = {{Shaw}, R.~A. and {Hill}, F. and {Bell}, D.~J.},
    month = oct,
    pages = {127},
   adsurl = {http://adsabs.harvard.edu/abs/2007ASPC..376..127M},
  adsnote = {Provided by the SAO/NASA Astrophysics Data System}
}

@ARTICLE{2010ApJ...710.1375K,
   author = {{Kratter}, K.~M. and {Murray-Clay}, R.~A. and {Youdin}, A.~N.
  },
    title = "{The Runts of the Litter: Why Planets Formed Through Gravitational Instability Can Only Be Failed Binary Stars}",
  journal = {\apj},
archivePrefix = "arXiv",
   eprint = {0909.2644},
 primaryClass = "astro-ph.EP",
 keywords = {binaries: general, brown dwarfs, planet-disk interactions, planets and satellites: formation, protoplanetary disks},
     year = 2010,
    month = feb,
   volume = 710,
    pages = {1375-1386},
      doi = {10.1088/0004-637X/710/2/1375},
   adsurl = {http://adsabs.harvard.edu/abs/2010ApJ...710.1375K},
  adsnote = {Provided by the SAO/NASA Astrophysics Data System}
}

@INPROCEEDINGS{1987IAUS..115....1L,
   author = {{Lada}, C.~J.},
    title = "{Star formation - From OB associations to protostars}",
 keywords = {B Stars, Binary Stars, O Stars, Protostars, Star Formation, Infrared Spectra, Molecular Clouds, Ophiuchi Clouds, Spectral Energy Distribution, Star Clusters, Stellar Evolution},
booktitle = {Star Forming Regions},
     year = 1987,
   series = {IAU Symposium},
   volume = 115,
   editor = {{Peimbert}, M. and {Jugaku}, J.},
    pages = {1-17},
   adsurl = {http://adsabs.harvard.edu/abs/1987IAUS..115....1L},
  adsnote = {Provided by the SAO/NASA Astrophysics Data System}
}

@ARTICLE{2007ApJ...660.1232K,
   author = {{Kim}, W.-T. and {Ostriker}, E.~C.},
    title = "{Gravitational Runaway and Turbulence Driving in Star-Gas Galactic Disks}",
  journal = {\apj},
   eprint = {astro-ph/0701755},
 keywords = {Galaxies: ISM, Galaxies: Structure, Instabilities, ISM: Kinematics and Dynamics, Galaxy: Solar Neighborhood, Stars: Formation, Stars: Kinematics},
     year = 2007,
    month = may,
   volume = 660,
    pages = {1232-1245},
      doi = {10.1086/513176},
   adsurl = {http://adsabs.harvard.edu/abs/2007ApJ...660.1232K},
  adsnote = {Provided by the SAO/NASA Astrophysics Data System}
}

@ARTICLE{2017ApJ...840...69F,
   author = {{Fischer}, W.~J. and {Megeath}, S.~T. and {Furlan}, E. and {Ali}, B. and 
  {Stutz}, A.~M. and {Tobin}, J.~J. and {Osorio}, M. and {Stanke}, T. and 
  {Manoj}, P. and {Poteet}, C.~A. and {Booker}, J.~J. and {Hartmann}, L. and 
  {Wilson}, T.~L. and {Myers}, P.~C. and {Watson}, D.~M.},
    title = "{The Herschel Orion Protostar Survey: Luminosity and Envelope Evolution}",
  journal = {\apj},
archivePrefix = "arXiv",
   eprint = {1704.05847},
 primaryClass = "astro-ph.SR",
 keywords = {circumstellar matter, infrared: stars, stars: formation, stars: protostars},
     year = 2017,
    month = may,
   volume = 840,
      eid = {69},
    pages = {69},
      doi = {10.3847/1538-4357/aa6d69},
   adsurl = {http://adsabs.harvard.edu/abs/2017ApJ...840...69F},
  adsnote = {Provided by the SAO/NASA Astrophysics Data System}
}

@ARTICLE{2013PASP..125..306F,
   author = {{Foreman-Mackey}, D. and {Hogg}, D.~W. and {Lang}, D. and {Goodman}, J.
  },
    title = "{emcee: The MCMC Hammer}",
  journal = {\pasp},
archivePrefix = "arXiv",
   eprint = {1202.3665},
 primaryClass = "astro-ph.IM",
     year = 2013,
    month = mar,
   volume = 125,
    pages = {306},
      doi = {10.1086/670067},
   adsurl = {http://adsabs.harvard.edu/abs/2013PASP..125..306F},
  adsnote = {Provided by the SAO/NASA Astrophysics Data System}
}

@ARTICLE{2011PASJ...63....1H,
   author = {{Hirota}, T. and {Honma}, M. and {Imai}, H. and {Sunada}, K. and 
  {Ueno}, Y. and {Kobayashi}, H. and {Kawaguchi}, N.},
    title = "{Astrometry of H$_{2}$O Masers in Nearby Star-Forming Regions with VERA. IV. L 1448 C}",
  journal = {\pasj},
archivePrefix = "arXiv",
   eprint = {1007.4385},
     year = 2011,
    month = feb,
   volume = 63,
    pages = {1-8},
      doi = {10.1093/pasj/63.1.1},
   adsurl = {http://adsabs.harvard.edu/abs/2011PASJ...63....1H},
  adsnote = {Provided by the SAO/NASA Astrophysics Data System}
}

@ARTICLE{1992ApJ...396..178F,
   author = {{Fischer}, D.~A. and {Marcy}, G.~W.},
    title = "{Multiplicity among M dwarfs}",
  journal = {\apj},
 keywords = {Binary Stars, Companion Stars, Dwarf Stars, M Stars, Radial Velocity, Stellar Spectra, Late Stars, Sky Surveys (Astronomy), Statistical Analysis},
     year = 1992,
    month = sep,
   volume = 396,
    pages = {178-194},
      doi = {10.1086/171708},
   adsurl = {http://adsabs.harvard.edu/abs/1992ApJ...396..178F},
  adsnote = {Provided by the SAO/NASA Astrophysics Data System}
}

@ARTICLE{2008AJ....135.2526C,
   author = {{Connelley}, M.~S. and {Reipurth}, B. and {Tokunaga}, A.~T.},
    title = "{The Evolution of the Multiplicity of Embedded Protostars. II. Binary Separation Distribution and Analysis}",
  journal = {\aj},
archivePrefix = "arXiv",
   eprint = {0803.1172},
 keywords = {binaries: general, infrared: stars, stars: formation, stars: statistics},
     year = 2008,
    month = jun,
   volume = 135,
    pages = {2526-2536},
      doi = {10.1088/0004-6256/135/6/2526},
   adsurl = {http://adsabs.harvard.edu/abs/2008AJ....135.2526C},
  adsnote = {Provided by the SAO/NASA Astrophysics Data System}
}

@ARTICLE{1991AA...248..485D,
   author = {{Duquennoy}, A. and {Mayor}, M.},
    title = "{Multiplicity among solar-type stars in the solar neighbourhood. II - Distribution of the orbital elements in an unbiased sample}",
  journal = {\aap},
 keywords = {Binary Stars, Dwarf Stars, G Stars, Solar Neighborhood, Stellar Orbits, Brown Dwarf Stars, Orbital Elements, Peculiar Stars, Radial Velocity, Stellar Evolution, Variable Stars},
     year = 1991,
    month = aug,
   volume = 248,
    pages = {485-524},
   adsurl = {http://adsabs.harvard.edu/abs/1991A%26A...248..485D},
  adsnote = {Provided by the SAO/NASA Astrophysics Data System}
}
@ARTICLE{2013ApJ...774...16R,
       author = {{Rosenfeld}, Katherine A. and {Andrews}, Sean M. and
         {Hughes}, A. Meredith and {Wilner}, David J. and {Qi}, Chunhua},
        title = "{A Spatially Resolved Vertical Temperature Gradient in the HD 163296 Disk}",
      journal = {\apj},
     keywords = {circumstellar matter, protoplanetary disks, stars: individual: HD 163296, submillimeter: general, Astrophysics - Solar and Stellar Astrophysics},
         year = "2013",
        month = "Sep",
       volume = {774},
       number = {1},
          eid = {16},
        pages = {16},
          doi = {10.1088/0004-637X/774/1/16},
archivePrefix = {arXiv},
       eprint = {1306.6475},
 primaryClass = {astro-ph.SR},
       adsurl = {https://ui.adsabs.harvard.edu/abs/2013ApJ...774...16R},
      adsnote = {Provided by the SAO/NASA Astrophysics Data System}
}
@ARTICLE{1999ARAA..37..311E,
       author = {{Evans}, Neal J., II},
        title = "{Physical Conditions in Regions of Star Formation}",
      journal = {\araa},
     keywords = {STAR FORMATION, INTERSTELLAR MOLECULES, MOLECULAR CLOUDS, Astrophysics},
         year = "1999",
        month = "Jan",
       volume = {37},
        pages = {311-362},
          doi = {10.1146/annurev.astro.37.1.311},
archivePrefix = {arXiv},
       eprint = {astro-ph/9905050},
 primaryClass = {astro-ph},
       adsurl = {https://ui.adsabs.harvard.edu/abs/1999ARA&A..37..311E},
      adsnote = {Provided by the SAO/NASA Astrophysics Data System}
}


@ARTICLE{2009AA...507..861J,
       author = {{J{\o}rgensen}, J.~K. and {van Dishoeck}, E.~F. and {Visser}, R. and
         {Bourke}, T.~L. and {Wilner}, D.~J. and {Lommen}, D. and
         {Hogerheijde}, M.~R. and {Myers}, P.~C.},
        title = "{PROSAC: a submillimeter array survey of low-mass protostars. II. The mass evolution of envelopes, disks, and stars from the Class 0 through I stages}",
      journal = {\aap},
     keywords = {stars: formation, stars: circumstellar matter, stars: planetary systems: protoplanetary disks, radiative transfer, Astrophysics - Solar and Stellar Astrophysics, Astrophysics - Astrophysics of Galaxies},
         year = "2009",
        month = "Nov",
       volume = {507},
       number = {2},
        pages = {861-879},
          doi = {10.1051/0004-6361/200912325},
archivePrefix = {arXiv},
       eprint = {0909.3386},
 primaryClass = {astro-ph.SR},
       adsurl = {https://ui.adsabs.harvard.edu/abs/2009A&A...507..861J},
      adsnote = {Provided by the SAO/NASA Astrophysics Data System}
}


@ARTICLE{2018AA...609A..47P,
       author = {{Pinte}, C. and {M{\'e}nard}, F. and {Duch{\^e}ne}, G. and {Hill}, T. and
         {Dent}, W.~R.~F. and {Woitke}, P. and {Maret}, S. and
         {van der Plas}, G. and {Hales}, A. and {Kamp}, I. and {Thi}, W.~F. and
         {de Gregorio-Monsalvo}, I. and {Rab}, C. and {Quanz}, S.~P. and
         {Avenhaus}, H. and {Carmona}, A. and {Casassus}, S.},
        title = "{Direct mapping of the temperature and velocity gradients in discs. Imaging the vertical CO snow line around IM Lupi}",
      journal = {\aap},
     keywords = {protoplanetary disks, circumstellar matter, accretion, accretion disks, radiative transfer, stars: formation, stars: individual: IM Lupi, Astrophysics - Solar and Stellar Astrophysics, Astrophysics - Earth and Planetary Astrophysics, Astrophysics - Astrophysics of Galaxies},
         year = "2018",
        month = "Jan",
       volume = {609},
          eid = {A47},
        pages = {A47},
          doi = {10.1051/0004-6361/201731377},
archivePrefix = {arXiv},
       eprint = {1710.06450},
 primaryClass = {astro-ph.SR},
       adsurl = {https://ui.adsabs.harvard.edu/abs/2018A&A...609A..47P},
      adsnote = {Provided by the SAO/NASA Astrophysics Data System}
}



@ARTICLE{2013ApJ...768..110C,
   author = {{Chen}, X. and {Arce}, H.~G. and {Zhang}, Q. and {Bourke}, T.~L. and 
  {Launhardt}, R. and {J{\o}rgensen}, J.~K. and {Lee}, C.-F. and 
  {Foster}, J.~B. and {Dunham}, M.~M. and {Pineda}, J.~E. and 
  {Henning}, T.},
    title = "{SMA Observations of Class 0 Protostars: A High Angular Resolution Survey of Protostellar Binary Systems}",
  journal = {\apj},
archivePrefix = "arXiv",
   eprint = {1304.0436},
 primaryClass = "astro-ph.SR",
 keywords = {binaries: general, dust, extinction, ISM: clouds, stars: formation, techniques: interferometric},
     year = 2013,
    month = may,
   volume = 768,
      eid = {110},
    pages = {110},
      doi = {10.1088/0004-637X/768/2/110},
   adsurl = {http://adsabs.harvard.edu/abs/2013ApJ...768..110C},
  adsnote = {Provided by the SAO/NASA Astrophysics Data System}
}

@MISC{2012ascl.soft02015D,
   author = {{Dullemond}, C.~P. and {Juhasz}, A. and {Pohl}, A. and {Sereshti}, F. and 
  {Shetty}, R. and {Peters}, T. and {Commercon}, B. and {Flock}, M.
  },
    title = "{RADMC-3D: A multi-purpose radiative transfer tool}",
 keywords = {Software },
howpublished = {Astrophysics Source Code Library},
     year = 2012,
    month = feb,
archivePrefix = "ascl",
   eprint = {1202.015},
   adsurl = {http://adsabs.harvard.edu/abs/2012ascl.soft02015D},
  adsnote = {Provided by the SAO/NASA Astrophysics Data System}
}

@ARTICLE{2013ApJ...764..136B,
   author = {{Boss}, A.~P. and {Keiser}, S.~A.},
    title = "{Collapse and Fragmentation of Magnetic Molecular Cloud Cores with the Enzo AMR MHD Code. I. Uniform Density Spheres}",
  journal = {\apj},
archivePrefix = "arXiv",
   eprint = {1301.4495},
 primaryClass = "astro-ph.SR",
 keywords = {hydrodynamics, ISM: clouds, ISM: kinematics and dynamics, Magnetohydrodynamics: MHD, stars: formation },
     year = 2013,
    month = feb,
   volume = 764,
      eid = {136},
    pages = {136},
      doi = {10.1088/0004-637X/764/2/136},
   adsurl = {http://adsabs.harvard.edu/abs/2013ApJ...764..136B},
  adsnote = {Provided by the SAO/NASA Astrophysics Data System}
}

@ARTICLE{2006ApJ...651..301V,
   author = {{Volgenau}, N.~H. and {Mundy}, L.~G. and {Looney}, L.~W. and 
  {Welch}, W.~J.},
    title = "{Dense Cores with Multiple Protostars: The Velocity Fields of L1448 IRS 3, NGC 1333 IRAS 2, and NGC 1333 IRAS 4}",
  journal = {\apj},
 keywords = {Stars: Circumstellar Matter, ISM: Kinematics and Dynamics, Radio Lines: Stars, Stars: Formation, stars: individual (L1448 IRS 3), stars: individual (NGC 1333 IRAS 2), stars: individual (NGC 1333 IRAS 4), Turbulence},
     year = 2006,
    month = nov,
   volume = 651,
    pages = {301-320},
      doi = {10.1086/507437},
   adsurl = {http://adsabs.harvard.edu/abs/2006ApJ...651..301V},
  adsnote = {Provided by the SAO/NASA Astrophysics Data System}
}

@ARTICLE{2011ARAA..49...67W,
   author = {{Williams}, J.~P. and {Cieza}, L.~A.},
    title = "{Protoplanetary Disks and Their Evolution}",
  journal = {\araa},
archivePrefix = "arXiv",
   eprint = {1103.0556},
 primaryClass = "astro-ph.GA",
     year = 2011,
    month = sep,
   volume = 49,
    pages = {67-117},
      doi = {10.1146/annurev-astro-081710-102548},
   adsurl = {http://adsabs.harvard.edu/abs/2011ARA%26A..49...67W},
  adsnote = {Provided by the SAO/NASA Astrophysics Data System}
}

@ARTICLE{2014ApJ...788...59W,
   author = {{Williams}, J.~P. and {Best}, W.~M.~J.},
    title = "{A Parametric Modeling Approach to Measuring the Gas Masses of Circumstellar Disks}",
  journal = {\apj},
archivePrefix = "arXiv",
   eprint = {1312.0151},
 primaryClass = "astro-ph.EP",
 keywords = {circumstellar matter, planets and satellites: formation, protoplanetary disks},
     year = 2014,
    month = jun,
   volume = 788,
      eid = {59},
    pages = {59},
      doi = {10.1088/0004-637X/788/1/59},
   adsurl = {http://adsabs.harvard.edu/abs/2014ApJ...788...59W},
  adsnote = {Provided by the SAO/NASA Astrophysics Data System}
}

@ARTICLE{2017ApJ...846L..26W,
   author = {{Wu}, Y.-L. and {Sheehan}, P.~D.},
    title = "{An ALMA Dynamical Mass Estimate of the Proposed Planetary-mass Companion FW Tau C}",
  journal = {\apjl},
archivePrefix = "arXiv",
   eprint = {1708.08122},
 primaryClass = "astro-ph.EP",
 keywords = {accretion, accretion disks, planets and satellites: individual: FW Tau C, stars: individual: FW Tau, techniques: interferometric},
     year = 2017,
    month = sep,
   volume = 846,
      eid = {L26},
    pages = {L26},
      doi = {10.3847/2041-8213/aa8771},
   adsurl = {http://adsabs.harvard.edu/abs/2017ApJ...846L..26W},
  adsnote = {Provided by the SAO/NASA Astrophysics Data System}
}

@ARTICLE{2013ApJ...772...22Y,
   author = {{Yen}, H.-W. and {Takakuwa}, S. and {Ohashi}, N. and {Ho}, P.~T.~P.
  },
    title = "{Unveiling the Evolutionary Sequence from Infalling Envelopes to Keplerian Disks around Low-mass Protostars}",
  journal = {\apj},
archivePrefix = "arXiv",
   eprint = {1305.6877},
 primaryClass = "astro-ph.SR",
 keywords = {circumstellar matter, ISM: individual objects: B335 NGC 1333 IRAS 4B L1448-mm L1527 IRS TMC-1A L1489 IRS, ISM: kinematics and dynamics, ISM: molecules, stars: formation},
     year = 2013,
    month = jul,
   volume = 772,
      eid = {22},
    pages = {22},
      doi = {10.1088/0004-637X/772/1/22},
   adsurl = {http://adsabs.harvard.edu/abs/2013ApJ...772...22Y},
  adsnote = {Provided by the SAO/NASA Astrophysics Data System}
}


@ARTICLE{2018MNRAS.476.4527T,
   author = {{Tazzari}, M. and {Beaujean}, F. and {Testi}, L.},
    title = "{GALARIO: a GPU accelerated library for analysing radio interferometer observations}",
  journal = {\mnras},
archivePrefix = "arXiv",
   eprint = {1709.06999},
 primaryClass = "astro-ph.IM",
 keywords = {methods: numerical, techniques: interferometric, submillimetre: general},
     year = 2018,
    month = jun,
   volume = 476,
    pages = {4527-4542},
      doi = {10.1093/mnras/sty409},
   adsurl = {http://adsabs.harvard.edu/abs/2018MNRAS.476.4527T},
  adsnote = {Provided by the SAO/NASA Astrophysics Data System}
}

@ARTICLE{2011AA...536A..79R,
   author = {{Robitaille}, T.~P.},
    title = "{HYPERION: an open-source parallelized three-dimensional dust continuum radiative transfer code}",
  journal = {\aap},
archivePrefix = "arXiv",
   eprint = {1112.1071},
 primaryClass = "astro-ph.IM",
 keywords = {methods: numerical, radiative transfer, scattering, polarization},
     year = 2011,
    month = dec,
   volume = 536,
      eid = {A79},
    pages = {A79},
      doi = {10.1051/0004-6361/201117150},
   adsurl = {http://adsabs.harvard.edu/abs/2011A%26A...536A..79R},
  adsnote = {Provided by the SAO/NASA Astrophysics Data System}
}

@ARTICLE{2006ApJ...646.1009K,
   author = {{Kirk}, H. and {Johnstone}, D. and {Di Francesco}, J.},
    title = "{The Large- and Small-Scale Structures of Dust in the Star-forming Perseus Molecular Cloud}",
  journal = {\apj},
   eprint = {astro-ph/0602089},
 keywords = {ISM: Clouds, Stars: Formation},
     year = 2006,
    month = aug,
   volume = 646,
    pages = {1009-1023},
      doi = {10.1086/503193},
   adsurl = {http://adsabs.harvard.edu/abs/2006ApJ...646.1009K},
  adsnote = {Provided by the SAO/NASA Astrophysics Data System}
}

@ARTICLE{1955ApJ...121..161S,
   author = {{Salpeter}, E.~E.},
    title = "{The Luminosity Function and Stellar Evolution.}",
  journal = {\apj},
     year = 1955,
    month = jan,
   volume = 121,
    pages = {161},
      doi = {10.1086/145971},
   adsurl = {http://adsabs.harvard.edu/abs/1955ApJ...121..161S},
  adsnote = {Provided by the SAO/NASA Astrophysics Data System}
}

@ARTICLE{2003ARAA..41...57L,
   author = {{Lada}, C.~J. and {Lada}, E.~A.},
    title = "{Embedded Clusters in Molecular Clouds}",
  journal = {\araa},
   eprint = {astro-ph/0301540},
     year = 2003,
   volume = 41,
    pages = {57-115},
      doi = {10.1146/annurev.astro.41.011802.094844},
   adsurl = {http://adsabs.harvard.edu/abs/2003ARA%26A..41...57L},
  adsnote = {Provided by the SAO/NASA Astrophysics Data System}
}

@ARTICLE{1998ApJ...501L.205K,
   author = {{Klessen}, R.~S. and {Burkert}, A. and {Bate}, M.~R.},
    title = "{Fragmentation of Molecular Clouds: The Initial Phase of a Stellar Cluster}",
  journal = {\apjl},
   eprint = {astro-ph/9805125},
 keywords = {ISM: KINEMATICS AND DYNAMICS, ISM: STRUCTURE, METHODS: NUMERICAL, STARS: FORMATION, ISM: Kinematics and Dynamics, ISM: Structure, Methods: Numerical, Stars: Formation},
     year = 1998,
    month = jul,
   volume = 501,
    pages = {L205-L208},
      doi = {10.1086/311471},
   adsurl = {http://adsabs.harvard.edu/abs/1998ApJ...501L.205K},
  adsnote = {Provided by the SAO/NASA Astrophysics Data System}
}

@ARTICLE{2015MNRAS.451..974D,
   author = {{Dipierro}, G. and {Pinilla}, P. and {Lodato}, G. and {Testi}, L.
  },
    title = "{Dust trapping by spiral arms in gravitationally unstable protostellar discs}",
  journal = {\mnras},
archivePrefix = "arXiv",
   eprint = {1504.08099},
 primaryClass = "astro-ph.SR",
 keywords = {accretion, accretion discs, gravitation, instabilities, planets and satellites: formation, stars: pre-main-sequence, submillimetre: stars},
     year = 2015,
    month = jul,
   volume = 451,
    pages = {974-986},
      doi = {10.1093/mnras/stv970},
   adsurl = {http://adsabs.harvard.edu/abs/2015MNRAS.451..974D},
  adsnote = {Provided by the SAO/NASA Astrophysics Data System}
}
@ARTICLE{2019AA...631A...1V,
       author = {{Vorobyov}, Eduard I. and {Elbakyan}, Vardan G.},
        title = "{Gravitoviscous protoplanetary disks with a dust component. II. Spatial distribution and growth of dust in a clumpy disk}",
      journal = {\aap},
     keywords = {protoplanetary disks, stars: formation, stars: protostars, hydrodynamics, Astrophysics - Solar and Stellar Astrophysics, Astrophysics - Earth and Planetary Astrophysics, Astrophysics - Astrophysics of Galaxies},
         year = "2019",
        month = "Nov",
       volume = {631},
          eid = {A1},
        pages = {A1},
          doi = {10.1051/0004-6361/201936132},
archivePrefix = {arXiv},
       eprint = {1908.10589},
 primaryClass = {astro-ph.SR},
       adsurl = {https://ui.adsabs.harvard.edu/abs/2019A&A...631A...1V},
      adsnote = {Provided by the SAO/NASA Astrophysics Data System}
}
@ARTICLE{1994ApJ...431..341S,
       author = {{Stahler}, Steven W. and {Korycansky}, D.~G. and {Brothers}, Maxwell J. and
         {Touma}, Jihad},
        title = "{The Early Evolution of Protostellar Disks}",
      journal = {\apj},
     keywords = {Accretion Disks, Gravitational Collapse, Molecular Clouds, Protostars, Stellar Evolution, Astrophysics, Gravitational Effects, Luminosity, Stellar Mass Accretion, Stellar Rotation, Astrophysics, ACCRETION, ACCRETION DISKS, STARS: FORMATION},
         year = "1994",
        month = "Aug",
       volume = {431},
        pages = {341},
          doi = {10.1086/174489},
       adsurl = {https://ui.adsabs.harvard.edu/abs/1994ApJ...431..341S},
      adsnote = {Provided by the SAO/NASA Astrophysics Data System}
}



@ARTICLE{2010ApJS..190....1R,
       author = {{Raghavan}, Deepak and {McAlister}, Harold A. and {Henry}, Todd J. and
         {Latham}, David W. and {Marcy}, Geoffrey W. and {Mason}, Brian D. and
         {Gies}, Douglas R. and {White}, Russel J. and {ten Brummelaar}, Theo A.},
        title = "{A Survey of Stellar Families: Multiplicity of Solar-type Stars}",
      journal = {\apjs},
     keywords = {binaries: general, planetary systems, stars: solar-type, stars: statistics, surveys, Astrophysics - Solar and Stellar Astrophysics},
         year = "2010",
        month = "Sep",
       volume = {190},
       number = {1},
        pages = {1-42},
          doi = {10.1088/0067-0049/190/1/1},
archivePrefix = {arXiv},
       eprint = {1007.0414},
 primaryClass = {astro-ph.SR},
       adsurl = {https://ui.adsabs.harvard.edu/abs/2010ApJS..190....1R},
      adsnote = {Provided by the SAO/NASA Astrophysics Data System}
}
@ARTICLE{2009ApJ...700.1502A,
       author = {{Andrews}, Sean M. and {Wilner}, D.~J. and {Hughes}, A.~M. and
         {Qi}, Chunhua and {Dullemond}, C.~P.},
        title = "{Protoplanetary Disk Structures in Ophiuchus}",
      journal = {\apj},
     keywords = {accretion, accretion disks, circumstellar matter, planetary systems: protoplanetary disks, solar system: formation, stars: pre-main sequence, Astrophysics - Earth and Planetary Astrophysics, Astrophysics - Solar and Stellar Astrophysics},
         year = 2009,
        month = aug,
       volume = {700},
       number = {2},
        pages = {1502-1523},
          doi = {10.1088/0004-637X/700/2/1502},
archivePrefix = {arXiv},
       eprint = {0906.0730},
 primaryClass = {astro-ph.EP},
       adsurl = {https://ui.adsabs.harvard.edu/abs/2009ApJ...700.1502A},
      adsnote = {Provided by the SAO/NASA Astrophysics Data System}
}
@ARTICLE{2018ApJ...866..161S,
       author = {{Segura-Cox}, Dominique M. and {Looney}, Leslie W. and {Tobin}, John J. and
         {Li}, Zhi-Yun and {Harris}, Robert J. and {Sadavoy}, Sarah and
         {Dunham}, Michael M. and {Chandler}, Claire and {Kratter}, Kaitlin and
         {P{\'e}rez}, Laura and {Melis}, Carl},
        title = "{The VLA Nascent Disk and Multiplicity Survey of Perseus Protostars (VANDAM). V. 18 Candidate Disks around Class 0 and I Protostars in the Perseus Molecular Cloud}",
      journal = {\apj},
     keywords = {circumstellar matter, protoplanetary disks, stars: protostars, Astrophysics - Solar and Stellar Astrophysics, Astrophysics - Astrophysics of Galaxies},
         year = 2018,
        month = oct,
       volume = {866},
       number = {2},
          eid = {161},
        pages = {161},
          doi = {10.3847/1538-4357/aaddf3},
archivePrefix = {arXiv},
       eprint = {1808.10438},
 primaryClass = {astro-ph.SR},
       adsurl = {https://ui.adsabs.harvard.edu/abs/2018ApJ...866..161S},
      adsnote = {Provided by the SAO/NASA Astrophysics Data System}
}
@ARTICLE{2017MNRAS.469.3881S,
       author = {{Sadavoy}, Sarah I. and {Stahler}, Steven W.},
        title = "{Embedded binaries and their dense cores}",
      journal = {\mnras},
     keywords = {binaries: general, stars: formation, ISM: clouds, dust, extinction, Astrophysics - Solar and Stellar Astrophysics, Astrophysics - Astrophysics of Galaxies},
         year = 2017,
        month = aug,
       volume = {469},
       number = {4},
        pages = {3881-3900},
          doi = {10.1093/mnras/stx1061},
archivePrefix = {arXiv},
       eprint = {1705.00049},
 primaryClass = {astro-ph.SR},
       adsurl = {https://ui.adsabs.harvard.edu/abs/2017MNRAS.469.3881S},
      adsnote = {Provided by the SAO/NASA Astrophysics Data System}
}


@ARTICLE{2020AA...635A..15M,
       author = {{Maret}, S. and {Maury}, A.~J. and {Belloche}, A. and {Gaudel}, M. and
         {Andr{\'e}}, Ph. and {Cabrit}, S. and {Codella}, C. and
         {Lef{\'e}vre}, C. and {Podio}, L. and {Anderl}, S. and {Gueth}, F. and
         {Hennebelle}, P.},
        title = "{Searching for kinematic evidence of Keplerian disks around Class 0 protostars with CALYPSO}",
      journal = {\aap},
     keywords = {protoplanetary disks, stars: formation, stars: protostars, Astrophysics - Solar and Stellar Astrophysics, Astrophysics - Astrophysics of Galaxies},
         year = 2020,
        month = mar,
       volume = {635},
          eid = {A15},
        pages = {A15},
          doi = {10.1051/0004-6361/201936798},
archivePrefix = {arXiv},
       eprint = {2001.06355},
 primaryClass = {astro-ph.SR},
       adsurl = {https://ui.adsabs.harvard.edu/abs/2020A&A...635A..15M},
      adsnote = {Provided by the SAO/NASA Astrophysics Data System}
}



@ARTICLE{2010MNRAS.404..721M,
       author = {{Moeckel}, Nickolas and {Bate}, Matthew R.},
        title = "{On the evolution of a star cluster and its multiple stellar systems following gas dispersal}",
      journal = {\mnras},
     keywords = {methods: N-body simulations, binaries: general, stars: formation, stars: low-mass, brown dwarfs, Astrophysics - Solar and Stellar Astrophysics, Astrophysics - Astrophysics of Galaxies},
         year = "2010",
        month = "May",
       volume = {404},
       number = {2},
        pages = {721-737},
          doi = {10.1111/j.1365-2966.2010.16347.x},
archivePrefix = {arXiv},
       eprint = {1001.3417},
 primaryClass = {astro-ph.SR},
       adsurl = {https://ui.adsabs.harvard.edu/abs/2010MNRAS.404..721M},
      adsnote = {Provided by the SAO/NASA Astrophysics Data System}
}
@ARTICLE{2002MNRAS.336..705B,
       author = {{Bate}, Matthew R. and {Bonnell}, Ian A. and {Bromm}, Volker},
        title = "{The formation of close binary systems by dynamical interactions and orbital decay}",
      journal = {\mnras},
     keywords = {accretion, accretion discs, hydrodynamics, binaries: close, binaries: spectroscopic, circumstellar matter, stars: formation, Astrophysics},
         year = 2002,
        month = nov,
       volume = {336},
       number = {3},
        pages = {705-713},
          doi = {10.1046/j.1365-8711.2002.05775.x},
archivePrefix = {arXiv},
       eprint = {astro-ph/0212403},
 primaryClass = {astro-ph},
       adsurl = {https://ui.adsabs.harvard.edu/abs/2002MNRAS.336..705B},
      adsnote = {Provided by the SAO/NASA Astrophysics Data System}
}
@INPROCEEDINGS{2011IAUS..276..463V,
       author = {{Vorobyov}, Eduard I. and {Basu}, Shantanu},
        title = "{Formation of massive gas giants on wide orbits}",
     keywords = {instabilities, planetary systems: formation, planetary systems: protoplanetary disks},
    booktitle = {The Astrophysics of Planetary Systems: Formation, Structure, and Dynamical Evolution},
         year = 2011,
       editor = {{Sozzetti}, Alessandro and {Lattanzi}, Mario G. and {Boss}, Alan P.},
       series = {IAU Symposium},
       volume = {276},
        month = nov,
        pages = {463-464},
          doi = {10.1017/S1743921311020813},
       adsurl = {https://ui.adsabs.harvard.edu/abs/2011IAUS..276..463V},
      adsnote = {Provided by the SAO/NASA Astrophysics Data System}
}


@article{Lee_2015,
  doi = {10.1088/0004-637x/814/2/114},
  url = {https://doi.org/10.1088%2F0004-637x%2F814%2F2%2F114},
  year = 2015,
  month = {nov},
  publisher = {{IOP} Publishing},
  volume = {814},
  number = {2},
  pages = {114},
  author = {Katherine I. Lee and Michael M. Dunham and Philip C. Myers and John J. Tobin and Lars E. Kristensen and Jaime E. Pineda and Eduard I. Vorobyov and Stella S. R. Offner and H{\'{e}}ctor G. Arce and Zhi-Yun Li and Tyler L. Bourke and Jes K. J{\o}rgensen and Alyssa A. Goodman and Sarah I. Sadavoy and Claire J. Chandler and Robert J. Harris and Kaitlin Kratter and Leslie W. Looney and Carl Melis and Laura M. Perez and Dominique Segura-Cox},
  title = {{MASS} {ASSEMBLY} {OF} {STELLAR} {SYSTEMS} {AND} {THEIR} {EVOLUTION} {WITH} {THE} {SMA} ({MASSES}). {MULTIPLICITY} {AND} {THE} {PHYSICAL} {ENVIRONMENT} {IN} L1448N},
  journal = {The Astrophysical Journal},
  abstract = {We present continuum and molecular line observations at 230 and 345 GHz from the Submillimeter Array (SMA) toward three protostars in the Perseus L1448N region. The data are from the large project \u201cMass Assembly of Stellar Systems and their Evolution with the SMA.\u201d Three dust continuum sources, Source B, Source NW, and Source A, are detected at both frequencies. These sources have corresponding emission peaks in C18O (), 13CO (), and HCO+ (), and have offsets with N2D+ () peaks. High angular resolution data from a complementary continuum survey with the Karl G. Jansky Very Large Array show that Source B is associated with three 8 mm continuum objects, Source NW with two, and Source A remains single. These results suggest that multiplicity in L1448N exists at different spatial scales from a few thousand AU to <100 AU. Velocity gradients in each source obtained from two-dimensional fits to the SMA C18O emission are found to be perpendicular to within 20° of the outflow directions as revealed by 12CO (). We have observed that Sources B and NW with multiplicity have higher densities than Source A without multiplicity. This suggests that thermal Jeans fragmentation can be relevant in the fragmentation process. However, we have not observed a difference in the ratio between rotational and gravitational energy between sources with and without multiplicity. We also have not observed a trend between non-thermal velocity dispersions and the level of fragmentation. Our study has provided the first direct and comprehensive comparison between multiplicity and core properties in low-mass protostars, although based on small number statistics.}
}
@article{Offner_2016,
  doi = {10.3847/2041-8205/827/1/l11},
  url = {https://doi.org/10.3847%2F2041-8205%2F827%2F1%2Fl11},
  year = 2016,
  month = {aug},
  publisher = {American Astronomical Society},
  volume = {827},
  number = {1},
  pages = {L11},
  author = {Stella S. R. Offner and Michael M. Dunham and Katherine I. Lee and H{\'{e}}ctor G. Arce and Drummond B. Fielding},
  title = {{THE} {TURBULENT} {ORIGIN} {OF} {OUTFLOW} {AND} {SPIN} {MISALIGNMENT} {IN} {MULTIPLE} {STAR} {SYSTEMS}},
  journal = {The Astrophysical Journal},
  abstract = {The protostellar outflows of wide-separation forming binaries frequently appear misaligned. We use magneto-hydrodynamic simulations to investigate the alignment of protostellar spin and molecular outflows for forming binary pairs. We show that the protostellar pairs, which form from turbulent fragmentation within a single parent core, have randomly oriented angular momentum. Although the pairs migrate to closer separations, their spins remain partially misaligned. We produce 12CO(2-1) synthetic observations of the simulations and characterize the outflow orientation in the emission maps. The CO-identified outflows exhibit a similar random distribution and are also statistically consistent with the observed distribution of molecular outflows. We conclude that the observed misalignment provides a clear signature of binary formation via turbulent fragmentation. The persistence of misaligned outflows and stellar spins following dynamical evolution may provide a signature of binary origins for more evolved multiple star systems.}
}
@ARTICLE{2020MNRAS.493L.108B,
       author = {{Booth}, Alice S. and {Ilee}, John D.},
        title = "{$^{13}$C$^{17}$O suggests gravitational instability in the HL Tau disc}",
      journal = {\mnras},
     keywords = {techniques: interferometric, protoplanetary discs, stars: individual: HL Tau, stars: pre-main-sequence, submillimetre: planetary systems, Astrophysics - Solar and Stellar Astrophysics, Astrophysics - Earth and Planetary Astrophysics, Astrophysics - Astrophysics of Galaxies},
         year = 2020,
        month = mar,
       volume = {493},
       number = {1},
        pages = {L108-L113},
          doi = {10.1093/mnrasl/slaa014},
archivePrefix = {arXiv},
       eprint = {2001.07550},
 primaryClass = {astro-ph.SR},
       adsurl = {https://ui.adsabs.harvard.edu/abs/2020MNRAS.493L.108B},
      adsnote = {Provided by the SAO/NASA Astrophysics Data System}
}


@ARTICLE{1997Icar..130..355L,
       author = {{Lis}, D.~C. and {Keene}, J. and {Young}, K. and {Phillips}, T.~G. and
         {Bockel{\'e}e-Morvan}, D. and {Crovisier}, J. and {Schilke}, P. and
         {Goldsmith}, P.~F. and {Bergin}, E.~A.},
        title = "{Spectroscopic Observations of Comet C/1996 B2 (Hyakutake) with the Caltech Submillimeter Observatory}",
      journal = {\icarus},
         year = 1997,
        month = dec,
       volume = {130},
       number = {2},
        pages = {355-372},
          doi = {10.1006/icar.1997.5833},
       adsurl = {https://ui.adsabs.harvard.edu/abs/1997Icar..130..355L},
      adsnote = {Provided by the SAO/NASA Astrophysics Data System}
}


@ARTICLE{2019ApJ...887..232L,
       author = {{Lee}, Aaron T. and {Offner}, Stella S.~R. and {Kratter}, Kaitlin M. and
         {Smullen}, Rachel A. and {Li}, Pak Shing},
        title = "{The Formation and Evolution of Wide-orbit Stellar Multiples In Magnetized Clouds}",
      journal = {\apj},
     keywords = {Astrophysical fluid dynamics, Magnetohydrodynamics, Protostars, Star formation, Stellar dynamics, Multiple stars, Interstellar medium, Interstellar clouds, Astrophysics - Astrophysics of Galaxies},
         year = "2019",
        month = "Dec",
       volume = {887},
       number = {2},
          eid = {232},
        pages = {232},
          doi = {10.3847/1538-4357/ab584b},
archivePrefix = {arXiv},
       eprint = {1911.07863},
 primaryClass = {astro-ph.GA},
       adsurl = {https://ui.adsabs.harvard.edu/abs/2019ApJ...887..232L},
      adsnote = {Provided by the SAO/NASA Astrophysics Data System}
}
@ARTICLE{2019AA...621A..76M,
       author = {{Maury}, A.~J. and {Andr{\'e}}, Ph. and {Testi}, L. and {Maret}, S. and
         {Belloche}, A. and {Hennebelle}, P. and {Cabrit}, S. and {Codella}, C. and
         {Gueth}, F. and {Podio}, L. and {Anderl}, S. and {Bacmann}, A. and
         {Bontemps}, S. and {Gaudel}, M. and {Ladjelate}, B. and
         {Lef{\`e}vre}, C. and {Tabone}, B. and {Lefloch}, B.},
        title = "{Characterizing young protostellar disks with the CALYPSO IRAM-PdBI survey: large Class 0 disks are rare}",
      journal = {\aap},
     keywords = {stars: formation, stars: protostars, radio continuum: ISM, Astrophysics - Astrophysics of Galaxies},
         year = "2019",
        month = "Jan",
       volume = {621},
          eid = {A76},
        pages = {A76},
          doi = {10.1051/0004-6361/201833537},
archivePrefix = {arXiv},
       eprint = {1810.11221},
 primaryClass = {astro-ph.GA},
       adsurl = {https://ui.adsabs.harvard.edu/abs/2019A&A...621A..76M},
      adsnote = {Provided by the SAO/NASA Astrophysics Data System}
}


@ARTICLE{2013ARAA..51..269D,
       author = {{Duch{\^e}ne}, Gaspard and {Kraus}, Adam},
        title = "{Stellar Multiplicity}",
      journal = {\araa},
     keywords = {Astrophysics - Solar and Stellar Astrophysics},
         year = "2013",
        month = "Aug",
       volume = {51},
       number = {1},
        pages = {269-310},
          doi = {10.1146/annurev-astro-081710-102602},
archivePrefix = {arXiv},
       eprint = {1303.3028},
 primaryClass = {astro-ph.SR},
       adsurl = {https://ui.adsabs.harvard.edu/abs/2013ARA&A..51..269D},
      adsnote = {Provided by the SAO/NASA Astrophysics Data System}
}




@ARTICLE{2018arXiv180711262K,
   author = {{Kristensen}, L.~E. and {Dunham}, M.~M.},
    title = "{Protostellar half-life: new methodology and estimates}",
  journal = {ArXiv e-prints},
archivePrefix = "arXiv",
   eprint = {1807.11262},
 primaryClass = "astro-ph.SR",
 keywords = {Astrophysics - Solar and Stellar Astrophysics, Astrophysics - Astrophysics of Galaxies},
     year = 2018,
    month = jul,
   adsurl = {http://adsabs.harvard.edu/abs/2018arXiv180711262K},
  adsnote = {Provided by the SAO/NASA Astrophysics Data System}
}



@ARTICLE{2018ApJ...860..119G,
   author = {{Ginsburg}, A. and {Bally}, J. and {Goddi}, C. and {Plambeck}, R. and 
  {Wright}, M.},
    title = "{A Keplerian Disk around Orion SrCI, a {\tilde} 15 M $_{\u2299}$ YSO}",
  journal = {\apj},
archivePrefix = "arXiv",
   eprint = {1804.10622},
 keywords = {accretion, accretion disks, protoplanetary disks, stars: formation, stars: massive},
     year = 2018,
    month = jun,
   volume = 860,
      eid = {119},
    pages = {119},
      doi = {10.3847/1538-4357/aac205},
   adsurl = {http://adsabs.harvard.edu/abs/2018ApJ...860..119G},
  adsnote = {Provided by the SAO/NASA Astrophysics Data System}
}


